1138 1438
62 231 238 291 Liebes
267 244 481 304 Fräulein
521 255 671 315 Liese,

88 329 237 389 Mir
271 342 382 402 fällt
411 352 530 412 ein,
543 354 619 414 daß
667 354 709 414 ich
747 364 875 424 Ihnen
905 367 1007 427 auch

56 420 474 480 gleichantworten
510 439 707 499 möchte.
746 438 797 498 Ich
825 444 979 504 danke

64 505 273 565 Ihnen
306 518 387 578 für
421 520 488 580 Ihr
531 523 669 583 liebes
711 532 993 592 Briefchen,

51 585 156 645 und
181 588 221 648 es
250 595 340 655 thut
373 595 460 655 mir
547 608 827 668 unendlich
856 614 979 674 leid

49 661 171 721 daß
215 663 293 723 Sie
323 670 464 730 ſoviel
512 685 786 745 Kummer
834 696 1001 756 gehabt

71 743 274 803 haben.
296 753 410 813 Aber
440 766 643 826 warten
673 775 776 835 Sie
846 777 954 837 mir

76 828 313 888 Fend
342 849 465 909 ſchon
513 859 673 919 beſer
721 861 1024 921 kommen,

68 918 162 978 Ich
183 931 333 991 möchte
359 938 445 998 Sie
475 946 616 1006 gern
667 946 980 1006 wiederſchen

45 1016 182 1076 und
216 1016 286 1076 ein
312 1024 512 1084 Bischen
546 1022 650 1082 mit
698 1029 895 1089 Ihnen

74 1104 353 1164 flaudern
371 1109 463 1169 und
513 1109 604 1169 Sie
651 1118 935 1178 quietſchen

77 1193 286 1253 hören
307 1202 642 1262 (quictſchen
667 1212 759 1272 Sie
814 1217 914 1277 noch

132 1293 202 1353 ſo
232 1291 332 1351 gut
349 1286 443 1346 ?).
466 1291 590 1351 Aber
613 1302 789 1362 dieſer
