3725 4564
334 406 1159 466 Verheltniſſen.
1205 411 1307 471 Ub
1407 414 1665 474 Fern
1747 417 1931 477 von
1995 422 2151 482 der
2243 432 2628 492 großen
2729 457 3078 517 Welt?

299 583 618 643 Und
713 578 912 638 mir
984 578 1166 638 iſt,
1198 578 1318 638 als
1429 579 1557 639 ſei
1620 581 1844 641 eine
1907 587 2138 647 Thür
2249 596 2575 656 hinter
2718 613 3045 673 mir,

348 736 561 796 ens
717 748 978 808 Schloß
1124 751 1619 811 gefallen.

491 942 796 1002 Habe
857 939 944 999 ich
1014 938 1224 998 recht
1285 940 1765 1000 gehandelt
1878 948 2061 1008 oder
2167 956 2507 1016 falſch?
2673 971 2987 1031 Wird

308 1093 545 1153 aal
629 1099 866 1159 dieſe
950 1104 1196 1164 mem
1315 1111 1703 1171 Exiſtenz
1779 1118 1855 1178 zu
1973 1126 2472 1186 ertragen
2600 1138 2929 1198 ſein?

299 1279 567 1339 Ich
651 1289 873 1349 weiß
993 1288 1066 1348 es
1150 1288 1363 1348 nicht

493 1459 877 1519 Bitte,
916 1461 1137 1521 zeig’
1166 1466 1350 1526 dem
1417 1477 1918 1537 Richard
1946 1495 2275 1555 dieſen
2351 1514 2679 1574 Brief(
2737 1539 3112 1599 wenn

332 1611 481 1671 es
544 1624 673 1684 ihn
737 1643 1389 1703 intereſſirt)
1464 1658 1742 1718 Sonſt
1806 1665 2009 1725 aber
2137 1677 2608 1737 betrachte
2693 1692 2907 1752 das

355 1807 1091 1867 Mitgetheilte
1174 1816 1315 1876 als
1446 1813 2166 1873 verträulich;
2291 1833 2490 1893 und
2605 1825 3011 1885 wenn

333 1949 714 2009 man
782 1958 799 2018 d
977 1966 1172 2026 Dich
1240 1972 1562 2032 fragt
1697 1979 2180 2039 warum
2315 1982 2409 2042 ich
2519 1982 2747 2042 nicht
2875 1984 3086 2044 zur

324 2134 627 2194 N.
674 2141 864 2201 Fr.
902 2145 1081 2205 ſr.
1167 2152 1830 2212 gekommen
1887 2159 2162 2219 bin,
2219 2164 2295 2224 ſo
2389 2168 2635 2228 fach
2750 2179 3024 2239 ſage

355 2294 597 2354 doß
699 2312 839 2372 die
904 2329 1753 2389 Verhänllungen
1865 2332 2014 2392 ſich
2089 2330 2200 2390 in
2266 2330 2396 2390 die
2462 2330 2872 2390 Länge

384 2481 887 2541 gezogen
970 2493 1251 2553 haben
1325 2495 1507 2555 und
1598 2494 1739 2554 daß
1887 2494 2019 2554 die
2093 2494 2366 2554 Sache
2465 2501 2688 2561 noch
2796 2523 3258 2583 unent¬

308 2659 800 2719 ſchieden
858 2663 1020 2723 iſt.
1079 2667 1234 2727 Ich
1314 2671 1652 2731 möchte
1747 2677 1946 2737 mir
2086 2685 2614 2745 nämlich,
2651 2693 2989 2753 wenn
3055 2698 3136 2758 es

334 2821 828 2881 ginge,
865 2827 1005 2887 ein
1098 2832 1695 2892 Hinterthür
1779 2838 1938 2898 für
2049 2844 2171 2904 die
2245 2851 2674 2911 Zukunft
2759 2868 3020 2928 offen

287 2995 730 3055 laſſen.

573 3138 1025 3198 Bitte,
1076 3140 1444 3200 ſchreib’
1487 3140 1692 3200 mir
1837 3139 2162 3199 bald,
2213 3142 2615 3202 liebſter
2700 3157 3187 3217 Freund,

325 3284 589 3344 und
680 3296 846 3356 vor
930 3308 1354 3368 Allem:
1452 3316 1785 3376 kamm
2027 3322 2648 3382 dennächſt
2814 3325 3064 3385 nach

345 3454 1032 3514 Frankfurt.

753 3631 1114 3691 Viele
1193 3636 1510 3696 treue
1581 3632 1934 3692 Grüße

2215 3709 2509 3769 Dein

2054 3916 2358 3976 Paul
2474 3957 3053 4017 Goldmann

1103 3987 1586 4047 Adreſſe.
1618 4023 1884 4083 Holel
1983 4060 2465 4120 Cerdrdl
2531 4095 3013 4155 Frankhürt
3046 4110 3131 4170 ih
3180 4162 3197 4222 g

291 4155 678 4215 Grüße
728 4180 842 4240 an
893 4195 1122 4255 Deine
1165 4216 1653 4276 Freundin,
