1216 1436
141 112 205 172 in
238 118 396 178 Muſik
443 126 573 186 geſetzt
598 126 774 186 werden.
803 133 933 193 Bitte,
944 141 1134 201 antworte

140 187 254 247 mir
283 192 414 252 ſofort,
451 192 492 252 da
529 194 574 254 ich
603 194 669 254 der
705 194 804 254 Mud.
812 202 927 262 Goetti
960 206 1042 266 noch

147 273 335 333 Beſcheid
356 269 453 329 geben
515 270 691 330 möchte,
712 271 859 331 ſolange
896 276 955 336 ſie
980 273 1051 333 hier
1072 279 1156 339 iſt,

317 354 408 414 den
439 362 578 422 Romen
592 364 627 424 in
672 366 728 426 der
777 362 840 422 N.
864 362 916 422 D.
937 366 1128 426 Runchſtie

152 421 257 481 leſe
269 424 307 484 ich
320 425 429 485 nicht,
438 422 542 482 weil
567 424 610 484 ich
635 426 732 486 mir
770 424 832 484 das
883 432 1013 492 Werk
1051 442 1135 502 nicht

149 491 284 551 will
307 492 346 552 in
396 492 667 552 Fortſetzungen
698 494 914 554 zerfacken
953 503 1135 563 latſen,

149 552 261 612 Sehr
292 560 432 620 reiznd
501 566 613 626 war
635 568 697 628 der
753 564 893 624 Dialig
937 566 984 626 in
1028 570 1093 630 der

161 629 411 689 »Jugend«.
450 636 643 696 Weniger
685 638 852 698 gefallen
887 640 945 700 hat
984 641 1074 701 mir

155 698 245 758 der
265 704 421 764 »Blinde
476 709 743 769 Hiercnyinr«!
786 714 849 774 Die
865 717 1021 777 Geſchichte
1041 724 1111 784 iſt,

148 771 342 831 geiſvoll
385 775 648 835 ausgedacht,
668 784 786 844 bleibt
806 783 888 843 aler
934 784 1039 844 weit

159 838 326 898 zurück
409 848 537 908 hinter
584 851 643 911 der
685 854 825 914 wilden
854 858 991 918 Tragik
1042 868 1104 928 des

149 910 428 970 Originals.

305 991 498 1051 Richard
521 996 581 1056 hat
612 998 687 1058 mir
722 1002 808 1062 nicht
839 1010 1119 1070 geſchrieten.

150 1047 276 1107 Sag
297 1057 360 1117 ihm
386 1061 461 1121 auch
487 1064 579 1124 nichts
613 1072 748 1132 mehr.
773 1079 841 1139 Der
853 1082 975 1142 Tauſel
1009 1089 1068 1149 ſoll
1089 1101 1143 1161 ihn

160 1134 328 1194 holen.

348 1202 505 1262 Viele
530 1218 643 1278 treue
679 1225 832 1285 Grüße!

584 1296 727 1356 Din
765 1329 877 1389 Paul
909 1338 1127 1398 Goldmann
