3739 4578
328 530 626 590 mit
705 541 872 601 ſehr
951 545 1276 605 lieben
1399 572 2040 632 Menſchen.
2110 580 2444 640 Beſſer
2523 594 2751 654 eine
2821 610 3137 670 Arbet

319 705 516 765 lie
576 711 937 771 Einen
1032 722 1642 782 wenigſtens
1702 743 2614 803 einigermaßen
2725 772 3223 832 zuſagt,

315 888 536 948 und
624 880 933 940 keine
1013 883 1343 943 lieben
1430 901 1975 961 Menſchen
2163 925 2378 985 als,
2452 938 2802 998 wenn
2889 945 3191 1005 man

479 1069 713 1129 hon
797 1060 1216 1120 einal
1322 1067 1748 1127 wählen
1854 1069 2145 1129 muß
2351 1086 2606 1146 liebe
2705 1096 3258 1156 Menſchen

267 1132 653 1192 Hietmns
717 1132 853 1192 mar
903 1132 1125 1192 Stocker
1153 1133 1267 1193 ſein
1310 1133 1411 1193 ind
1439 1135 1603 1195 barl
1646 1136 1882 1196 ſeinem
1954 1141 2261 1201 wteicffer
2304 1148 2540 1208 Herzen
2583 1155 2719 1215 nicht
2783 1170 3219 1230 zahhfallen;

316 1225 583 1285 und
685 1229 878 1289 eien
1008 1234 1932 1294 widerwärtige
2014 1243 2393 1303 Urbeit
2495 1253 2837 1313 uch
2910 1266 3298 1326 kommt

327 1372 748 1432 dazu,
776 1373 904 1433 daß
1014 1377 1253 1437 Jeder
1344 1383 1528 1443 von
1610 1392 1848 1452 Euch
1949 1402 2179 1462 jetzt
2306 1412 2536 1472 ſein
2674 1426 3150 1486 eigenes

330 1529 685 1589 Leben
785 1543 994 1603 lebt
1150 1550 1350 1610 und
1443 1552 1620 1612 daß
1729 1553 1822 1613 ich
1969 1555 2169 1615 von
2480 1568 3159 1628 Keinem,

356 1696 704 1756 ſelbſt
775 1705 1003 1765 vom
1112 1709 1569 1769 nächſten
1652 1709 2108 1769 Freunde
2241 1714 2469 1774 nicht
2624 1744 3332 1804 beanſpriben

320 1854 734 1914 darf,
781 1866 853 1926 er
936 1870 1137 1930 ſolle
1243 1873 1469 1933 mir
1586 1874 1882 1934 mein
1966 1879 2309 1939 Leben
2404 1899 2723 1959 leben
2807 1949 3245 2009 helfen.

342 2018 883 2078 Während
966 2031 1227 2091 dieſer
1377 2035 1582 2095 Zeit
1684 2040 2039 2100 wurde
2152 2048 2235 2108 ich
2346 2056 2459 2116 in
2580 2093 3279 2153 Frankfurt,

382 2203 649 2263 ſehr
729 2200 963 2260 zum
1064 2200 1500 2260 Bleiben
1612 2209 2261 2269 gedrängt.
2340 2222 2474 2282 Ich
2541 2230 2765 2290 ſoh,
2810 2238 2954 2298 daß
3067 2247 3145 2307 es

316 2359 664 2419 mnan
738 2359 829 2419 in
887 2359 1028 2419 der
1111 2360 1699 2420 Redoktion
1808 2365 2031 2425 mich
2115 2376 2454 2436 achtete
2545 2392 2728 2452 und
2843 2419 3216 2479 ſchätzte

300 2516 804 2576 merkte
857 2530 1182 2590 auch,
1225 2536 1370 2596 daß
1465 2538 1619 2598 das
1722 2542 2305 2602 Publicim
2416 2547 2614 2607 auf
2776 2553 3042 2613 mich

327 2696 725 2756 hielt.
817 2702 1001 2762 Und
1093 2704 1185 2764 ich
1254 2707 1553 2767 dachte
1637 2712 1959 2772 mir,
1990 2715 2159 2775 daß
2258 2719 2327 2779 es
2427 2727 2978 2787 eigentlich

310 2882 981 2942 Wahnſinn
1140 2890 1559 2950 wäre,
1627 2894 1820 2954 zehn
1895 2898 2113 2958 Jahre
2180 2900 2574 2960 Arbeit,
2633 2899 2775 2959 die
2885 2897 2977 2957 ich
3086 2893 3186 2953 in

322 3048 560 3108 das
629 3055 914 3115 Blatt
998 3060 1191 3120 hier
1321 3069 1845 3129 geſteckt,
1915 3084 2830 3144 wegzuwerfen,
2899 3099 3130 3159 und

330 3206 623 3266 nach
698 3227 1009 3287 Wien
1170 3235 1255 3295 zu
1349 3239 1727 3299 gehen,
1802 3241 1935 3301 wo
2029 3241 2246 3301 kein
2378 3248 2822 3308 Menſch
2934 3267 3133 3327 nich

358 3397 886 3457 kennt,
956 3408 1120 3468 wo
1208 3412 1432 3472 nicht
1520 3420 1970 3480 einal
2092 3429 2247 3489 Ihr
2343 3439 2594 3499 mehr
2699 3455 3028 3515 etwas

348 3555 588 3615 von
687 3575 1153 3635 meinen
1250 3603 1867 3663 Leiſtungen
1980 3626 2363 3686 wißt,
2453 3636 2596 3696 wo
2687 3641 2769 3701 ich
2897 3644 3115 3704 von

352 3760 879 3820 Anfang
969 3790 1497 3850 anfangen
1579 3805 1961 3865 ennotr
2079 3814 2242 3874 und
2361 3821 2552 3881 mir
2679 3836 3016 3896 Schritt

418 3975 684 4035 für
766 3988 1054 4048 Schritt
1176 3996 1474 4056 unter
1607 4002 1793 4062 Gott
1885 4005 2111 4065 weiß
2254 4013 2655 4073 welchen
2736 4034 3188 4094 Kämpfen
