1208 1442
140 114 227 174 Ich
246 125 389 185 verzeihe
430 130 549 190 Alles,
555 131 627 191 mir
652 130 755 190 keine
789 141 1120 201 Ungezogegheiten,

138 184 359 244 geatulict
388 192 463 252 habe
480 193 516 253 ich
527 194 627 254 nicht,
637 195 713 255 und
730 194 766 254 ich
791 195 913 255 werde
963 209 1041 269 auch

136 242 242 302 nicht
270 253 498 313 gratuliren.

226 311 299 371 die
320 322 466 382 Priosch
488 327 539 387 iſt
574 341 818 401 unglücklich,
840 355 930 415 mird
947 360 1054 420 falſch

143 380 379 440 beſchäftigt
423 386 495 446 und
527 397 619 457 ſehnt
651 404 703 464 ſich
747 412 835 472 nach
875 421 1031 481 Deinen

156 447 383 507 Stücken.
414 455 457 515 Iſt
477 457 551 517 mir
591 463 638 523 im
668 472 822 532 Übrigen
842 482 902 542 ſehr
925 493 1117 553 zuwider,

149 504 271 564 ud
308 516 344 576 ſe
369 520 528 580 Hende
552 525 613 585 au
637 536 746 596 gom
784 552 893 612 Spgen
919 577 1125 637 ggachrlut

130 570 211 630 die
226 574 261 634 ich
276 579 351 639 nicht
382 591 599 651 vertragen
613 602 734 662 kann:
754 613 824 673 an
840 625 905 685 der
925 631 970 691 zu
990 639 1051 699 din

124 638 232 698 und
243 643 309 703 den
329 646 385 706 der
457 664 799 724 Komidiantin.

220 716 375 776 Sage
390 723 475 783 dem
501 733 675 793 Richand,
686 736 749 796 daß
793 744 845 804 die
886 751 997 811 Frau

134 783 329 843 Proſeſſer
382 794 511 854 Döpllr
539 796 592 856 ſich
625 802 701 862 mit
745 808 874 868 Meph
902 836 1131 896 Mophinn

131 852 341 912 veröſtet
374 862 465 922 hat,
493 867 556 927 um
579 873 652 933 den
687 892 1038 952 unerträglichen

130 924 376 984 Schmerzen
396 932 426 992 zu
470 938 679 998 entgehen,
696 948 753 1008 die
763 955 840 1015 ihre
871 971 1113 1031 unheilbare,

130 993 390 1053 Krankheit
432 1005 492 1065 ihr
545 1019 734 1079 bereitet
773 1025 878 1085 hat.

252 1079 441 1139 Wollen
457 1087 544 1147 mir
581 1098 681 1158 dem
705 1108 801 1168 Pater
833 1115 981 1175 Dorner
1001 1129 1081 1189 nicht

132 1145 417 1205 zuſammen
432 1156 498 1216 das
550 1171 696 1231 Werk
722 1180 817 1240 über
868 1186 923 1246 die

141 1219 325 1279 »Deutſche
343 1234 679 1294 Schmiedekunſt«
719 1260 940 1320 ſchenken:
983 1271 1038 1331 Du

168 1298 333 1358 22Mk
366 1306 438 1366 und
468 1308 504 1368 ich
531 1314 576 1374 22
618 1322 729 1382 M.
