1141 1438
646 140 913 200 pt-ealeneTenest
936 140 972 200 19.

66 195 220 255 Berlin
242 209 283 269 3.
296 217 373 277 Juli

196 342 354 402 Mein
400 365 532 425 lieber
564 379 736 439 Fund,

64 451 185 511 Ich
208 474 277 534 habe
291 486 379 546 mich
393 494 449 554 ſehr
472 495 537 555 mit
569 504 728 564 Deium
755 507 820 567 und
862 512 932 572 der

73 557 294 617 kleinen
329 572 438 632 Lial
468 578 590 638 Briefe
607 584 798 644 gefreut.

111 631 202 691 Du
233 645 351 705 kanſt
370 652 437 712 Dir
484 671 681 731 denken,
689 679 771 739 wie
826 692 932 752 gern
976 702 1019 762 ich

53 699 169 759 mit
197 713 281 773 Euch
300 725 406 785 Allen
425 745 765 805 zuſammenſein
807 764 1003 824 würde.

48 791 199 851 Aber
234 803 280 863 Du
329 805 473 865 machſt
487 813 518 873 es
539 817 620 877 mir
666 824 750 884 gar
785 833 834 893 zu
858 840 925 900 ſcho

53 868 241 928 ſchwer
277 875 354 935 und
386 876 525 936 wenn
561 882 612 942 Du
673 893 782 953 nach
847 906 931 966 der

56 945 305 1005 Schweiz
317 952 448 1012 gehſt,
473 949 597 1009 wird
628 959 809 1019 esganz
834 983 1070 1043 unnöglich

52 1021 256 1081 ſein.
282 1031 331 1091 Ich
351 1038 565 1098 bekomme
597 1040 688 1100 eine
721 1053 1016 1113 Freikarte,

49 1090 181 1150 auf
216 1105 290 1165 der
326 1118 558 1178 Srülbohn.
593 1124 773 1184 Danach
790 1137 887 1197 muß
935 1146 979 1206 ich

82 1174 193 1234 auuch
236 1197 417 1257 richten,
442 1204 512 1264 bei
546 1214 752 1274 meinen
778 1249 1071 1309 beſchränkten.

59 1294 420 1354 geldmitteln.
426 1307 565 1367 Wenn
585 1310 631 1370 Du
661 1312 748 1372 alſo
790 1316 860 1376 mit
913 1321 1002 1381 mir
