1120 1695
199 87 704 236 Frankfurt 31. Dezember
189 281 336 341 Mein
368 295 484 355 lieber
535 299 714 359 Freund,

97 385 231 445 Dank
264 402 326 462 für
339 406 408 466 das
471 418 618 478 Billet.
664 423 717 483 Ich
743 434 838 494 freue
874 439 936 499 mich

69 459 183 519 ſehr
200 473 285 533 über
314 477 373 537 den
409 479 526 539 juten
549 489 729 549 Foetganz
755 496 807 556 der
840 508 1004 568 Proben,

70 531 249 591 Samſtag
268 544 366 604 Abend
397 548 460 608 bin
482 551 513 611 ich
545 555 586 615 im
608 563 724 623 Theater
771 575 888 635 Vorher
910 587 1020 647 werde

69 586 149 646 ich
162 596 234 656 Dich
251 604 357 664 kann
382 616 484 676 ſehen,
514 622 552 682 da
577 626 615 686 ich
641 632 721 692 erſt
751 640 836 700 ſpat
853 653 1031 713 entounme

66 666 160 726 ſaß
194 675 241 735 bei
258 680 302 740 an
312 688 414 748 ſtieben
440 691 511 751 nur
538 696 603 756 auf
619 701 670 761 die
710 710 852 770 Freech
879 719 967 779 auf,

75 728 166 788 daß
200 741 245 801 ſie
257 748 340 808 nicht
401 757 442 817 zu
473 758 545 818 viel
571 764 666 824 thut!
692 773 776 833 Sie
794 779 836 839 iſt
851 783 900 843 bei
920 790 995 850 ales

65 805 326 865 Begabung
340 818 417 878 von
453 824 565 884 einer
588 841 899 901 unglaublichen

81 884 483 944 Geſchmackloſigkeit.
505 906 597 966 Laß’
605 911 642 971 es
664 913 727 973 Dir
752 915 789 975 in
808 922 926 982 Berlin

81 938 178 998 gut
197 958 329 1018 gehen!
374 972 528 1032 Gücklich
536 981 566 1041 es
588 986 705 1046 neues
735 994 844 1054 Jahr!
859 997 972 1057 Viele

70 1007 174 1067 teue
190 1020 314 1080 Grüße!

388 1076 520 1136 Dein

473 1173 670 1233 Paul.
673 1190 966 1250 Goldmann
