1138 1432
57 81 334 141 Novellette.
361 90 407 150 Ich
423 98 553 158 finde,
569 100 630 160 daß
665 107 711 167 ſie
727 111 838 171 feine
869 121 1038 181 Berbach¬

65 160 248 220 tungen
273 166 338 226 und
369 173 456 233 nichte
476 178 656 238 Wiener
705 194 981 254 Stimmung

57 231 290 291 aenthält.
305 244 408 304 Wer
428 248 470 308 iſt
500 255 619 315 dieſer
646 260 741 320 Dr.
753 270 970 330 Aihert?

122 341 283 401 Grüße
298 345 386 405 mir
421 350 477 410 die
509 360 685 420 Damen
756 377 837 437 Olga
882 387 953 447 und

61 420 207 480 Liese
253 429 329 489 und
354 433 410 493 ſei
440 436 486 496 Du
527 441 648 501 ſelbſt
684 462 897 522 herzlichſt

85 512 315 572 gegrüßt!

311 612 465 672 Den
546 635 703 695 treuer

430 759 572 819 Paul
676 789 993 849 Goldmann.

59 859 159 919 Bei
176 869 237 929 der
267 884 524 944 blädſinnigen
563 916 876 976 Arbeitsmenge,
884 929 937 989 die
972 933 1010 993 ich

73 925 142 985 Du
160 940 352 1000 verihten
379 956 475 1016 habe,
501 967 623 1027 kande
641 972 685 1032 ich
702 985 860 1045 »Berthe
895 1001 1043 1061 Harben.

45 984 135 1044 Dich
151 1001 229 1061 nicht
241 1014 347 1074 leſer.
362 1028 577 1088 Ingwiſchen
613 1038 738 1098 Mene
773 1050 933 1110 Mitter
969 1060 1012 1120 iſt

56 1065 155 1125 ſehr
181 1081 335 1141 entzückt
375 1091 529 1151 davon.
555 1099 779 1159 Inzwiſchen
825 1111 904 1171 habe
943 1116 976 1176 ich

56 1123 146 1183 das
176 1145 252 1205 Buch
269 1151 328 1211 der
355 1153 441 1213 Frau
479 1158 751 1218 Richtsamwalt
802 1180 964 1240 borgen

50 1202 245 1262 müſſen,
255 1212 305 1272 die
356 1215 397 1275 de
425 1227 943 1287 Gelenkrhnunatismus,

66 1276 264 1336 eotrankt
283 1284 361 1344 it.
