<?xml version="1.0" encoding="UTF-8" standalone="yes"?>
<PcGts xmlns="http://schema.primaresearch.org/PAGE/gts/pagecontent/2013-07-15" xmlns:xsi="http://www.w3.org/2001/XMLSchema-instance" xsi:schemaLocation="http://schema.primaresearch.org/PAGE/gts/pagecontent/2013-07-15 http://schema.primaresearch.org/PAGE/gts/pagecontent/2013-07-15/pagecontent.xsd">
    <Metadata>
        <Creator>prov=READ-COOP:name=PyLaia@TranskribusPlatform:version=1.2.0:model_id=49503:lm=none:date=15_02_2023_10:05</Creator>
        <Created>2022-04-04T16:25:57.087+02:00</Created>
        <LastChange>2023-03-10T15:08:03.310+01:00</LastChange>
        <TranskribusMetadata docId="962554" pageId="37299500" pageNr="77" tsid="116620380" status="IN_PROGRESS" userId="64420" imgUrl="https://files.transkribus.eu/Get?id=WVCGSHEOEINMOJBPJLTRKNYA&amp;fileType=view" xmlUrl="https://files.transkribus.eu/Get?id=OPVKRTWOSSXELPDCPYKRYMTE" imageId="30076541"/>
    </Metadata>
    <Page imageFilename="DLA_1901_00077 DLA_85.1.3171_00062.jpg" imageWidth="1218" imageHeight="1520">
        <ReadingOrder>
            <OrderedGroup id="ro_1687340687700" caption="Regions reading order">
                <RegionRefIndexed index="0" regionRef="tr_3"/>
                <RegionRefIndexed index="1" regionRef="tr_1"/>
                <RegionRefIndexed index="2" regionRef="tr_2"/>
                <RegionRefIndexed index="3" regionRef="tr_4"/>
            </OrderedGroup>
        </ReadingOrder>
        <TextRegion id="tr_3" custom="readingOrder {index:0;}">
            <Coords points="324,68 938,68 938,140 324,140"/>
            <TextLine id="tr_3_tl_1" custom="readingOrder {index:0;} dateline {offset:0; length:22;} opener {offset:0; length:22; continued:true;} latintype {offset:0; length:10;} letter-begin {offset:0; length:0;} date {offset:12; length:9;}">
                <Coords points="427,161 631,137 937,166 935,90 897,105 828,74 751,73 625,88 485,50 425,57"/>
                <Baseline points="432,124 462,122 492,122 522,122 552,122 582,122 612,122 642,124 672,122 702,122 732,118 762,118 792,120 822,122 852,122 882,126 912,128 938,130"/>
                <Word id="tr_3_tl_1_w1" custom="readingOrder {index:0;}">
                    <Coords points="422,82 422,142 704,142 704,82"/>
                    <TextEquiv>
                        <Unicode>Pörtschach,</Unicode>
                    </TextEquiv>
                </Word>
                <Word id="tr_3_tl_1_w2" custom="readingOrder {index:1;}">
                    <Coords points="712,78 712,138 740,138 740,78"/>
                    <TextEquiv>
                        <Unicode>1.</Unicode>
                    </TextEquiv>
                </Word>
                <Word id="tr_3_tl_1_w3" custom="readingOrder {index:2;}">
                    <Coords points="752,82 752,142 915,142 915,82"/>
                    <TextEquiv>
                        <Unicode>Auguſt.</Unicode>
                    </TextEquiv>
                </Word>
                <TextEquiv>
                    <Unicode>Pörtschach, 1. Auguſt.</Unicode>
                </TextEquiv>
            </TextLine>
            <TextEquiv>
                <Unicode>Pörtschach, 1. Auguſt.</Unicode>
            </TextEquiv>
        </TextRegion>
        <TextRegion id="tr_1" custom="readingOrder {index:1;}">
            <Coords points="54,188 1130,188 1130,720 54,720"/>
            <TextLine id="tr_1_tl_2" custom="readingOrder {index:0;} salute {offset:0; length:19;} opener {offset:0; length:19; continued:true;}">
                <Coords points="179,280 651,287 672,272 668,185 485,231 344,206 299,225 248,199 175,206"/>
                <Baseline points="186,240 216,240 246,242 276,244 306,246 336,250 366,250 396,250 426,254 456,254 486,256 516,258 546,260 576,258 606,260 636,260 666,260 683,273"/>
                <Word id="tr_1_tl_2_w1" custom="readingOrder {index:0;}">
                    <Coords points="173,202 173,262 327,262 327,202"/>
                    <TextEquiv>
                        <Unicode>Mein</Unicode>
                    </TextEquiv>
                </Word>
                <Word id="tr_1_tl_2_w2" custom="readingOrder {index:1;}">
                    <Coords points="348,212 348,272 480,272 480,212"/>
                    <TextEquiv>
                        <Unicode>lieber</Unicode>
                    </TextEquiv>
                </Word>
                <Word id="tr_1_tl_2_w3" custom="readingOrder {index:2;}">
                    <Coords points="502,219 502,279 682,279 682,219"/>
                    <TextEquiv>
                        <Unicode>Freund,</Unicode>
                    </TextEquiv>
                </Word>
                <TextEquiv>
                    <Unicode>Mein lieber Freund,</Unicode>
                </TextEquiv>
            </TextLine>
            <TextLine id="tr_1_tl_3" custom="readingOrder {index:1;} structure {type:paragraph;}">
                <Coords points="80,351 230,392 524,369 773,401 768,315 611,343 425,300 314,323 203,280 77,296"/>
                <Baseline points="86,338 116,342 146,346 176,350 206,354 236,358 266,360 296,362 326,364 356,364 386,364 416,366 446,368 476,370 506,370 536,372 566,372 596,374 626,374 656,376 686,378 716,380 746,384 774,384"/>
                <Word id="tr_1_tl_3_w1" custom="readingOrder {index:0;}">
                    <Coords points="73,307 73,367 241,367 241,307"/>
                    <TextEquiv>
                        <Unicode>Dank</Unicode>
                    </TextEquiv>
                </Word>
                <Word id="tr_1_tl_3_w2" custom="readingOrder {index:1;}">
                    <Coords points="272,322 272,382 329,382 329,322"/>
                    <TextEquiv>
                        <Unicode>für</Unicode>
                    </TextEquiv>
                </Word>
                <Word id="tr_1_tl_3_w3" custom="readingOrder {index:2;}">
                    <Coords points="352,326 352,386 487,386 487,326"/>
                    <TextEquiv>
                        <Unicode>Deinen</Unicode>
                    </TextEquiv>
                </Word>
                <Word id="tr_1_tl_3_w4" custom="readingOrder {index:3;}">
                    <Coords points="507,332 507,392 624,392 624,332"/>
                    <TextEquiv>
                        <Unicode>Lieben</Unicode>
                    </TextEquiv>
                </Word>
                <Word id="tr_1_tl_3_w5" custom="readingOrder {index:4;}">
                    <Coords points="645,339 645,399 759,399 759,339"/>
                    <TextEquiv>
                        <Unicode>Brief.</Unicode>
                    </TextEquiv>
                </Word>
                <TextEquiv>
                    <Unicode>Dank für Deinen lieben Brief.</Unicode>
                </TextEquiv>
            </TextLine>
            <TextLine id="tr_1_tl_5" custom="readingOrder {index:2;} structure {type:paragraph;}">
                <Coords points="80,480 193,461 250,496 357,454 456,498 715,457 926,514 1010,490 1007,412 825,391 628,429 78,393"/>
                <Baseline points="86,426 116,432 146,440 176,442 206,446 236,450 266,450 296,450 326,450 356,450 386,452 416,454 446,454 476,456 506,456 536,460 566,460 596,458 626,458 656,458 686,458 716,458 746,458 776,458 806,458 836,458 866,458 896,458 926,460 956,462 986,466 1010,470"/>
                <Word id="tr_1_tl_5_w1" custom="readingOrder {index:0;}">
                    <Coords points="76,392 76,452 157,452 157,392"/>
                    <TextEquiv>
                        <Unicode>Ich</Unicode>
                    </TextEquiv>
                </Word>
                <Word id="tr_1_tl_5_w2" custom="readingOrder {index:1;}">
                    <Coords points="170,406 170,466 255,466 255,406"/>
                    <TextEquiv>
                        <Unicode>muß</Unicode>
                    </TextEquiv>
                </Word>
                <Word id="tr_1_tl_5_w3" custom="readingOrder {index:2;}">
                    <Coords points="291,410 291,470 353,470 353,410"/>
                    <TextEquiv>
                        <Unicode>hat</Unicode>
                    </TextEquiv>
                </Word>
                <Word id="tr_1_tl_5_w4" custom="readingOrder {index:3;}">
                    <Coords points="371,413 371,473 452,473 452,413"/>
                    <TextEquiv>
                        <Unicode>von</Unicode>
                    </TextEquiv>
                </Word>
                <Word id="tr_1_tl_5_w5" custom="readingOrder {index:4;}">
                    <Coords points="465,416 465,476 545,476 545,416"/>
                    <TextEquiv>
                        <Unicode>hier</Unicode>
                    </TextEquiv>
                </Word>
                <Word id="tr_1_tl_5_w6" custom="readingOrder {index:5;}">
                    <Coords points="590,418 590,478 689,478 689,418"/>
                    <TextEquiv>
                        <Unicode>dam</Unicode>
                    </TextEquiv>
                </Word>
                <Word id="tr_1_tl_5_w7" custom="readingOrder {index:6;}">
                    <Coords points="706,418 706,478 746,478 746,418"/>
                    <TextEquiv>
                        <Unicode>ich</Unicode>
                    </TextEquiv>
                </Word>
                <Word id="tr_1_tl_5_w8" custom="readingOrder {index:7;}">
                    <Coords points="760,418 760,478 863,478 863,418"/>
                    <TextEquiv>
                        <Unicode>kann</Unicode>
                    </TextEquiv>
                </Word>
                <Word id="tr_1_tl_5_w9" custom="readingOrder {index:8;}">
                    <Coords points="876,420 876,480 979,480 979,420"/>
                    <TextEquiv>
                        <Unicode>nicht</Unicode>
                    </TextEquiv>
                </Word>
                <TextEquiv>
                    <Unicode>Ich muß fort von hier, denn ich kann nicht</Unicode>
                </TextEquiv>
            </TextLine>
            <TextLine id="tr_1_tl_6" custom="readingOrder {index:3;}">
                <Coords points="60,550 158,574 566,532 804,571 872,538 1039,571 1088,561 1087,509 452,498 352,457 246,500 187,465 57,476"/>
                <Baseline points="66,518 96,520 126,520 156,524 186,526 216,528 246,528 276,528 306,526 336,526 366,526 396,526 426,526 456,528 486,530 516,532 546,530 576,532 606,534 636,534 666,534 696,534 726,532 756,534 786,536 816,536 846,538 876,538 906,540 936,542 966,544 996,548 1026,550 1056,550 1086,552 1090,554"/>
                <Word id="tr_1_tl_6_w1" custom="readingOrder {index:0;}">
                    <Coords points="55,484 55,544 282,544 282,484"/>
                    <TextEquiv>
                        <Unicode>ſchlafen.</Unicode>
                    </TextEquiv>
                </Word>
                <Word id="tr_1_tl_6_w2" custom="readingOrder {index:1;}">
                    <Coords points="302,486 302,546 363,546 363,486"/>
                    <TextEquiv>
                        <Unicode>Die</Unicode>
                    </TextEquiv>
                </Word>
                <Word id="tr_1_tl_6_w3" custom="readingOrder {index:2;}">
                    <Coords points="399,490 399,550 602,550 602,490"/>
                    <TextEquiv>
                        <Unicode>marme,</Unicode>
                    </TextEquiv>
                </Word>
                <Word id="tr_1_tl_6_w4" custom="readingOrder {index:3;}">
                    <Coords points="610,494 610,554 732,554 732,494"/>
                    <TextEquiv>
                        <Unicode>mate</Unicode>
                    </TextEquiv>
                </Word>
                <Word id="tr_1_tl_6_w5" custom="readingOrder {index:4;}">
                    <Coords points="764,496 764,556 850,556 850,496"/>
                    <TextEquiv>
                        <Unicode>Luft</Unicode>
                    </TextEquiv>
                </Word>
                <Word id="tr_1_tl_6_w6" custom="readingOrder {index:5;}">
                    <Coords points="874,505 874,565 1073,565 1073,505"/>
                    <TextEquiv>
                        <Unicode>bekommt</Unicode>
                    </TextEquiv>
                </Word>
                <TextEquiv>
                    <Unicode>ſchlafen. Die warme, matte Luft bekommt</Unicode>
                </TextEquiv>
            </TextLine>
            <TextLine id="tr_1_tl_7" custom="readingOrder {index:4;} latintype {offset:17; length:5;} place {offset:17; length:5;}">
                <Coords points="47,615 812,615 1006,676 1100,644 1099,577 409,532 45,557"/>
                <Baseline points="54,592 84,592 114,594 144,596 174,598 204,600 234,600 264,600 294,602 324,604 354,608 384,608 414,610 444,610 474,612 504,614 534,616 564,620 594,618 624,618 654,618 684,616 714,616 744,616 774,616 804,614 834,614 864,614 894,616 924,618 954,622 984,626 1014,628 1044,632 1074,634 1104,638"/>
                <Word id="tr_1_tl_7_w1" custom="readingOrder {index:0;}">
                    <Coords points="43,553 43,613 179,613 179,553"/>
                    <TextEquiv>
                        <Unicode>mir</Unicode>
                    </TextEquiv>
                </Word>
                <Word id="tr_1_tl_7_w2" custom="readingOrder {index:1;}">
                    <Coords points="211,561 211,621 360,621 360,561"/>
                    <TextEquiv>
                        <Unicode>ſchlecht.</Unicode>
                    </TextEquiv>
                </Word>
                <Word id="tr_1_tl_7_w3" custom="readingOrder {index:2;}">
                    <Coords points="378,569 378,629 426,629 426,569"/>
                    <TextEquiv>
                        <Unicode>In</Unicode>
                    </TextEquiv>
                </Word>
                <Word id="tr_1_tl_7_w4" custom="readingOrder {index:3;}">
                    <Coords points="439,573 439,633 559,633 559,573"/>
                    <TextEquiv>
                        <Unicode>Vahra</Unicode>
                    </TextEquiv>
                </Word>
                <Word id="tr_1_tl_7_w5" custom="readingOrder {index:4;}">
                    <Coords points="598,577 598,637 713,637 713,577"/>
                    <TextEquiv>
                        <Unicode>wäre</Unicode>
                    </TextEquiv>
                </Word>
                <Word id="tr_1_tl_7_w6" custom="readingOrder {index:5;}">
                    <Coords points="730,576 730,636 761,636 761,576"/>
                    <TextEquiv>
                        <Unicode>es</Unicode>
                    </TextEquiv>
                </Word>
                <Word id="tr_1_tl_7_w7" custom="readingOrder {index:6;}">
                    <Coords points="779,574 779,634 924,634 924,574"/>
                    <TextEquiv>
                        <Unicode>dieſelbe</Unicode>
                    </TextEquiv>
                </Word>
                <Word id="tr_1_tl_7_w8" custom="readingOrder {index:7;}">
                    <Coords points="942,587 942,647 1083,647 1083,587"/>
                    <TextEquiv>
                        <Unicode>Geſchichte</Unicode>
                    </TextEquiv>
                </Word>
                <TextEquiv>
                    <Unicode>mir ſchlecht. In Vahrn wäre es dieſelbe Geſchichte.</Unicode>
                </TextEquiv>
            </TextLine>
            <TextLine id="tr_1_tl_8" custom="readingOrder {index:5;}">
                <Coords points="66,706 634,700 953,748 1064,712 1062,647 805,687 732,632 566,626 254,672 154,606 64,617"/>
                <Baseline points="72,666 102,668 132,672 162,674 192,676 222,680 252,682 282,682 312,684 342,686 372,688 402,688 432,690 462,690 492,692 522,694 552,696 582,696 612,698 642,700 672,698 702,700 732,700 762,702 792,704 822,704 852,704 882,704 912,704 942,702 972,702 1002,704 1032,706 1062,710 1068,710"/>
                <Word id="tr_1_tl_8_w1" custom="readingOrder {index:0;}">
                    <Coords points="62,627 62,687 141,687 141,627"/>
                    <TextEquiv>
                        <Unicode>Ich</Unicode>
                    </TextEquiv>
                </Word>
                <Word id="tr_1_tl_8_w2" custom="readingOrder {index:1;}">
                    <Coords points="159,637 159,697 243,697 243,637"/>
                    <TextEquiv>
                        <Unicode>muß</Unicode>
                    </TextEquiv>
                </Word>
                <Word id="tr_1_tl_8_w3" custom="readingOrder {index:2;}">
                    <Coords points="269,644 269,704 361,704 361,644"/>
                    <TextEquiv>
                        <Unicode>joher</Unicode>
                    </TextEquiv>
                </Word>
                <Word id="tr_1_tl_8_w4" custom="readingOrder {index:3;}">
                    <Coords points="396,651 396,711 559,711 559,651"/>
                    <TextEquiv>
                        <Unicode>finelt,</Unicode>
                    </TextEquiv>
                </Word>
                <Word id="tr_1_tl_8_w5" custom="readingOrder {index:4;}">
                    <Coords points="585,657 585,717 634,717 634,657"/>
                    <TextEquiv>
                        <Unicode>in</Unicode>
                    </TextEquiv>
                </Word>
                <Word id="tr_1_tl_8_w6" custom="readingOrder {index:5;}">
                    <Coords points="656,660 656,720 787,720 787,660"/>
                    <TextEquiv>
                        <Unicode>ſtacke</Unicode>
                    </TextEquiv>
                </Word>
                <Word id="tr_1_tl_8_w7" custom="readingOrder {index:6;}">
                    <Coords points="810,664 810,724 889,724 889,664"/>
                    <TextEquiv>
                        <Unicode>und</Unicode>
                    </TextEquiv>
                </Word>
                <Word id="tr_1_tl_8_w8" custom="readingOrder {index:7;}">
                    <Coords points="924,662 924,722 1038,722 1038,662"/>
                    <TextEquiv>
                        <Unicode>kühle</Unicode>
                    </TextEquiv>
                </Word>
                <TextEquiv>
                    <Unicode>Ich muß höher hinauf, in ſtarke und kühle</Unicode>
                </TextEquiv>
            </TextLine>
            <TextEquiv>
                <Unicode>Mein lieber Freund,
Dank für Deinen lieben Brief.
Ich muß fort von hier, denn ich kann nicht
ſchlafen. Die warme, matte Luft bekommt
mir ſchlecht. In Vahrn wäre es dieſelbe Geſchichte.
Ich muß höher hinauf, in ſtarke und kühle</Unicode>
            </TextEquiv>
        </TextRegion>
        <TextRegion id="tr_2" custom="readingOrder {index:2;}">
            <Coords points="74,710 1140,710 1140,1126 74,1126"/>
            <TextLine id="tr_2_tl_1" custom="readingOrder {index:0;} person {offset:6; length:4;}">
                <Coords points="66,772 194,805 298,764 541,811 755,780 825,832 896,787 1091,815 1071,739 745,718 628,753 478,710 64,710"/>
                <Baseline points="74,766 104,762 134,760 164,760 194,762 224,764 254,762 284,762 314,762 344,762 374,762 404,762 434,764 464,766 494,768 524,770 554,770 584,772 614,774 644,774 674,776 704,776 734,778 764,780 794,782 824,784 854,784 884,784 914,784 944,784 974,786 1004,790 1034,792 1064,798 1092,804"/>
                <Word id="tr_2_tl_1_w1" custom="readingOrder {index:0;}">
                    <Coords points="62,720 62,780 218,780 218,720"/>
                    <TextEquiv>
                        <Unicode>huft.</Unicode>
                    </TextEquiv>
                </Word>
                <Word id="tr_2_tl_1_w2" custom="readingOrder {index:1;}">
                    <Coords points="231,722 231,782 298,782 298,722"/>
                    <TextEquiv>
                        <Unicode>Euch</Unicode>
                    </TextEquiv>
                </Word>
                <Word id="tr_2_tl_1_w3" custom="readingOrder {index:2;}">
                    <Coords points="323,727 323,787 636,787 636,727"/>
                    <TextEquiv>
                        <Unicode>wiederzuſehen</Unicode>
                    </TextEquiv>
                </Word>
                <Word id="tr_2_tl_1_w4" custom="readingOrder {index:3;}">
                    <Coords points="682,737 682,797 783,797 783,737"/>
                    <TextEquiv>
                        <Unicode>wän</Unicode>
                    </TextEquiv>
                </Word>
                <Word id="tr_2_tl_1_w5" custom="readingOrder {index:4;}">
                    <Coords points="809,744 809,804 914,804 914,744"/>
                    <TextEquiv>
                        <Unicode>ſchön.</Unicode>
                    </TextEquiv>
                </Word>
                <Word id="tr_2_tl_1_w6" custom="readingOrder {index:5;}">
                    <Coords points="935,748 935,808 1049,808 1049,748"/>
                    <TextEquiv>
                        <Unicode>Aber</Unicode>
                    </TextEquiv>
                </Word>
                <TextEquiv>
                    <Unicode>Luft. Euch wiederzuſehen wäre ſchön. Aber</Unicode>
                </TextEquiv>
            </TextLine>
            <TextLine id="tr_2_tl_2" custom="readingOrder {index:1;}">
                <Coords points="66,837 166,881 286,850 347,888 494,850 660,919 773,877 1080,889 1051,800 824,832 630,796 569,838 251,772 66,804"/>
                <Baseline points="74,834 104,836 134,838 164,842 194,842 224,844 254,844 284,844 314,844 344,844 374,844 404,846 434,846 464,846 494,848 524,850 554,850 584,852 614,854 644,856 674,856 704,860 734,862 764,864 794,864 824,864 854,866 884,866 914,866 944,864 974,864 1004,866 1034,866 1064,868 1084,868"/>
                <Word id="tr_2_tl_2_w1" custom="readingOrder {index:0;}">
                    <Coords points="65,801 65,861 253,861 253,801"/>
                    <TextEquiv>
                        <Unicode>Wochen</Unicode>
                    </TextEquiv>
                </Word>
                <Word id="tr_2_tl_2_w2" custom="readingOrder {index:1;}">
                    <Coords points="271,804 271,864 384,864 384,804"/>
                    <TextEquiv>
                        <Unicode>lang</Unicode>
                    </TextEquiv>
                </Word>
                <Word id="tr_2_tl_2_w3" custom="readingOrder {index:2;}">
                    <Coords points="417,807 417,867 544,867 544,807"/>
                    <TextEquiv>
                        <Unicode>keine</Unicode>
                    </TextEquiv>
                </Word>
                <Word id="tr_2_tl_2_w4" custom="readingOrder {index:3;}">
                    <Coords points="572,815 572,875 709,875 709,815"/>
                    <TextEquiv>
                        <Unicode>Nacht</Unicode>
                    </TextEquiv>
                </Word>
                <Word id="tr_2_tl_2_w5" custom="readingOrder {index:4;}">
                    <Coords points="727,824 727,884 892,884 892,824"/>
                    <TextEquiv>
                        <Unicode>ſchlafen</Unicode>
                    </TextEquiv>
                </Word>
                <Word id="tr_2_tl_2_w6" custom="readingOrder {index:5;}">
                    <Coords points="915,824 915,884 958,884 958,824"/>
                    <TextEquiv>
                        <Unicode>iſt</Unicode>
                    </TextEquiv>
                </Word>
                <Word id="tr_2_tl_2_w7" custom="readingOrder {index:6;}">
                    <Coords points="972,826 972,886 1056,886 1056,826"/>
                    <TextEquiv>
                        <Unicode>kein</Unicode>
                    </TextEquiv>
                </Word>
                <TextEquiv>
                    <Unicode>Wochen lang keine Nacht ſchlafen, iſt kein</Unicode>
                </TextEquiv>
            </TextLine>
            <TextLine id="tr_2_tl_3" custom="readingOrder {index:2;}">
                <Coords points="72,951 389,933 440,969 509,929 773,999 1136,965 1116,905 950,925 763,885 659,918 513,858 352,888 271,849 154,888 68,865"/>
                <Baseline points="78,912 108,918 138,918 168,920 198,922 228,922 258,922 288,922 318,922 348,922 378,924 408,926 438,926 468,926 498,928 528,928 558,930 588,932 618,934 648,936 678,938 708,940 738,944 768,946 798,948 828,948 858,950 888,954 918,954 948,956 978,958 1008,958 1038,958 1068,956 1098,956 1128,958 1140,958"/>
                <Word id="tr_2_tl_3_w1" custom="readingOrder {index:0;}">
                    <Coords points="67,879 67,939 241,939 241,879"/>
                    <TextEquiv>
                        <Unicode>Spaß.</Unicode>
                    </TextEquiv>
                </Word>
                <Word id="tr_2_tl_3_w2" custom="readingOrder {index:1;}">
                    <Coords points="260,882 260,942 309,942 309,882"/>
                    <TextEquiv>
                        <Unicode>Da</Unicode>
                    </TextEquiv>
                </Word>
                <Word id="tr_2_tl_3_w3" custom="readingOrder {index:2;}">
                    <Coords points="347,883 347,943 401,943 401,883"/>
                    <TextEquiv>
                        <Unicode>Du</Unicode>
                    </TextEquiv>
                </Word>
                <Word id="tr_2_tl_3_w4" custom="readingOrder {index:3;}">
                    <Coords points="430,886 430,946 507,946 507,886"/>
                    <TextEquiv>
                        <Unicode>alſo</Unicode>
                    </TextEquiv>
                </Word>
                <Word id="tr_2_tl_3_w5" custom="readingOrder {index:4;}">
                    <Coords points="526,890 526,950 608,950 608,890"/>
                    <TextEquiv>
                        <Unicode>noch</Unicode>
                    </TextEquiv>
                </Word>
                <Word id="tr_2_tl_3_w6" custom="readingOrder {index:5;}">
                    <Coords points="642,899 642,959 749,959 749,899"/>
                    <TextEquiv>
                        <Unicode>nichts</Unicode>
                    </TextEquiv>
                </Word>
                <Word id="tr_2_tl_3_w7" custom="readingOrder {index:6;}">
                    <Coords points="768,908 768,968 884,968 884,908"/>
                    <TextEquiv>
                        <Unicode>Hofes</Unicode>
                    </TextEquiv>
                </Word>
                <Word id="tr_2_tl_3_w8" custom="readingOrder {index:7;}">
                    <Coords points="908,918 908,978 1116,978 1116,918"/>
                    <TextEquiv>
                        <Unicode>gefunden</Unicode>
                    </TextEquiv>
                </Word>
                <TextEquiv>
                    <Unicode>Spaß. Da Du alſo noch nichts Hohes gefunden</Unicode>
                </TextEquiv>
            </TextLine>
            <TextLine id="tr_2_tl_4" custom="readingOrder {index:3;}">
                <Coords points="73,1060 181,1016 348,1070 522,1076 692,1027 860,1076 906,1035 1071,1031 1070,983 942,1016 832,978 755,1010 559,933 442,969 69,953"/>
                <Baseline points="78,1000 108,998 138,1000 168,1004 198,1006 228,1006 258,1006 288,1008 318,1010 348,1010 378,1010 408,1012 438,1010 468,1012 498,1012 528,1016 558,1014 588,1016 618,1018 648,1018 678,1020 708,1022 738,1022 768,1022 798,1022 828,1024 858,1024 888,1026 918,1028 948,1030 978,1030 1008,1030 1038,1030 1068,1030 1074,1030"/>
                <Word id="tr_2_tl_4_w1" custom="readingOrder {index:0;}">
                    <Coords points="70,961 70,1021 226,1021 226,961"/>
                    <TextEquiv>
                        <Unicode>haſt,</Unicode>
                    </TextEquiv>
                </Word>
                <Word id="tr_2_tl_4_w2" custom="readingOrder {index:1;}">
                    <Coords points="237,967 237,1027 315,1027 315,967"/>
                    <TextEquiv>
                        <Unicode>muß</Unicode>
                    </TextEquiv>
                </Word>
                <Word id="tr_2_tl_4_w3" custom="readingOrder {index:2;}">
                    <Coords points="349,970 349,1030 393,1030 393,970"/>
                    <TextEquiv>
                        <Unicode>ich</Unicode>
                    </TextEquiv>
                </Word>
                <Word id="tr_2_tl_4_w4" custom="readingOrder {index:3;}">
                    <Coords points="432,972 432,1032 550,1032 550,972"/>
                    <TextEquiv>
                        <Unicode>ſelbſt</Unicode>
                    </TextEquiv>
                </Word>
                <Word id="tr_2_tl_4_w5" custom="readingOrder {index:4;}">
                    <Coords points="572,978 572,1038 740,1038 740,978"/>
                    <TextEquiv>
                        <Unicode>ſuchen.</Unicode>
                    </TextEquiv>
                </Word>
                <Word id="tr_2_tl_4_w6" custom="readingOrder {index:5;}">
                    <Coords points="773,982 773,1042 818,1042 818,982"/>
                    <TextEquiv>
                        <Unicode>Ich</Unicode>
                    </TextEquiv>
                </Word>
                <Word id="tr_2_tl_4_w7" custom="readingOrder {index:6;}">
                    <Coords points="834,985 834,1045 929,1045 929,985"/>
                    <TextEquiv>
                        <Unicode>gehe</Unicode>
                    </TextEquiv>
                </Word>
                <Word id="tr_2_tl_4_w8" custom="readingOrder {index:7;}">
                    <Coords points="957,990 957,1050 1058,1050 1058,990"/>
                    <TextEquiv>
                        <Unicode>von</Unicode>
                    </TextEquiv>
                </Word>
                <TextEquiv>
                    <Unicode>haſt, muß ich ſelbſt ſuchen. Ich gehe von</Unicode>
                </TextEquiv>
            </TextLine>
            <TextLine id="tr_2_tl_5" custom="readingOrder {index:4;} place {offset:12; length:9;}">
                <Coords points="84,1128 203,1090 997,1128 1031,1079 81,1066"/>
                <Baseline points="90,1084 120,1086 150,1086 180,1088 210,1090 240,1090 270,1092 300,1092 330,1092 360,1094 390,1098 420,1098 450,1098 480,1098 510,1098 540,1098 570,1098 600,1100 630,1100 660,1102 690,1104 720,1106 750,1106 780,1108 810,1108 840,1110 870,1112 900,1114 930,1114 960,1116 990,1114 1020,1114 1034,1116"/>
                <Word id="tr_2_tl_5_w1" custom="readingOrder {index:0;}">
                    <Coords points="77,1046 77,1106 204,1106 204,1046"/>
                    <TextEquiv>
                        <Unicode>hier</Unicode>
                    </TextEquiv>
                </Word>
                <Word id="tr_2_tl_5_w2" custom="readingOrder {index:1;}">
                    <Coords points="235,1051 235,1111 285,1111 285,1051"/>
                    <TextEquiv>
                        <Unicode>in</Unicode>
                    </TextEquiv>
                </Word>
                <Word id="tr_2_tl_5_w3" custom="readingOrder {index:2;}">
                    <Coords points="298,1052 298,1112 350,1112 350,1052"/>
                    <TextEquiv>
                        <Unicode>die</Unicode>
                    </TextEquiv>
                </Word>
                <Word id="tr_2_tl_5_w4" custom="readingOrder {index:3;}">
                    <Coords points="388,1058 388,1118 718,1118 718,1058"/>
                    <TextEquiv>
                        <Unicode>Dolmmiten.</Unicode>
                    </TextEquiv>
                </Word>
                <Word id="tr_2_tl_5_w5" custom="readingOrder {index:4;}">
                    <Coords points="758,1069 758,1129 910,1129 910,1069"/>
                    <TextEquiv>
                        <Unicode>Werle</Unicode>
                    </TextEquiv>
                </Word>
                <Word id="tr_2_tl_5_w6" custom="readingOrder {index:5;}">
                    <Coords points="936,1075 936,1135 1013,1135 1013,1075"/>
                    <TextEquiv>
                        <Unicode>das</Unicode>
                    </TextEquiv>
                </Word>
                <TextEquiv>
                    <Unicode>hier in die Dolomiten. Werde das</Unicode>
                </TextEquiv>
            </TextLine>
            <TextEquiv>
                <Unicode>Luft. Euch wiederzuſehen wäre ſchön. Aber
Wochen lang keine Nacht ſchlafen, iſt kein
Spaß. Da Du alſo noch nichts Hohes gefunden
haſt, muß ich ſelbſt ſuchen. Ich gehe von
hier in die Dolomiten. Werde das</Unicode>
            </TextEquiv>
        </TextRegion>
        <TextRegion id="tr_4" custom="readingOrder {index:3;}">
            <Coords points="72,1122 1102,1122 1102,1404 72,1404"/>
            <TextLine id="tr_4_tl_1" custom="readingOrder {index:0;} place {offset:0; length:12;} latintype {offset:0; length:7;}">
                <Coords points="66,1208 133,1238 324,1197 368,1236 538,1256 700,1188 1023,1197 1022,1121 966,1116 864,1163 65,1132"/>
                <Baseline points="72,1176 102,1172 132,1172 162,1174 192,1176 222,1178 252,1180 282,1180 312,1184 342,1186 372,1186 402,1186 432,1186 462,1188 492,1188 522,1186 552,1186 582,1188 612,1190 642,1188 672,1188 702,1188 732,1188 762,1188 792,1190 822,1190 852,1192 882,1194 912,1194 942,1192 972,1192 1002,1194 1026,1196"/>
                <Word id="tr_4_tl_1_w1" custom="readingOrder {index:0;}">
                    <Coords points="65,1140 65,1200 485,1200 485,1140"/>
                    <TextEquiv>
                        <Unicode>Implzso-Thal</Unicode>
                    </TextEquiv>
                </Word>
                <Word id="tr_4_tl_1_w2" custom="readingOrder {index:1;}">
                    <Coords points="532,1148 532,1208 859,1208 859,1148"/>
                    <TextEquiv>
                        <Unicode>durchprobiren.</Unicode>
                    </TextEquiv>
                </Word>
                <Word id="tr_4_tl_1_w3" custom="readingOrder {index:2;}">
                    <Coords points="906,1152 906,1212 990,1212 990,1152"/>
                    <TextEquiv>
                        <Unicode>Wo</Unicode>
                    </TextEquiv>
                </Word>
                <TextEquiv>
                    <Unicode>Ampezzo-Thal durchprobiren. Wo</Unicode>
                </TextEquiv>
            </TextLine>
            <TextLine id="tr_4_tl_2" custom="readingOrder {index:1;}">
                <Coords points="86,1300 1060,1314 1099,1307 1098,1204 755,1253 671,1214 538,1256 85,1220"/>
                <Baseline points="92,1246 122,1254 152,1256 182,1260 212,1264 242,1266 272,1268 302,1270 332,1270 362,1270 392,1270 422,1270 452,1270 482,1268 512,1270 542,1270 572,1270 602,1274 632,1274 662,1276 692,1276 722,1276 752,1274 782,1274 812,1276 842,1276 872,1278 902,1280 932,1282 962,1280 992,1280 1022,1282 1052,1282 1082,1284 1102,1286"/>
                <Word id="tr_4_tl_2_w1" custom="readingOrder {index:0;}">
                    <Coords points="85,1211 85,1271 141,1271 141,1211"/>
                    <TextEquiv>
                        <Unicode>ich</Unicode>
                    </TextEquiv>
                </Word>
                <Word id="tr_4_tl_2_w2" custom="readingOrder {index:1;}">
                    <Coords points="167,1226 167,1286 336,1286 336,1226"/>
                    <TextEquiv>
                        <Unicode>ſchlafen</Unicode>
                    </TextEquiv>
                </Word>
                <Word id="tr_4_tl_2_w3" custom="readingOrder {index:2;}">
                    <Coords points="367,1230 367,1290 527,1290 527,1230"/>
                    <TextEquiv>
                        <Unicode>kann,</Unicode>
                    </TextEquiv>
                </Word>
                <Word id="tr_4_tl_2_w4" custom="readingOrder {index:3;}">
                    <Coords points="568,1234 568,1294 712,1294 712,1234"/>
                    <TextEquiv>
                        <Unicode>bleibe</Unicode>
                    </TextEquiv>
                </Word>
                <Word id="tr_4_tl_2_w5" custom="readingOrder {index:4;}">
                    <Coords points="738,1234 738,1294 789,1294 789,1234"/>
                    <TextEquiv>
                        <Unicode>ich</Unicode>
                    </TextEquiv>
                </Word>
                <Word id="tr_4_tl_2_w6" custom="readingOrder {index:5;}">
                    <Coords points="810,1236 810,1296 892,1296 892,1236"/>
                    <TextEquiv>
                        <Unicode>ein</Unicode>
                    </TextEquiv>
                </Word>
                <Word id="tr_4_tl_2_w7" custom="readingOrder {index:6;}">
                    <Coords points="918,1240 918,1300 1062,1300 1062,1240"/>
                    <TextEquiv>
                        <Unicode>paar</Unicode>
                    </TextEquiv>
                </Word>
                <TextEquiv>
                    <Unicode>ich ſchlafen kann, bleibe ich ein paar</Unicode>
                </TextEquiv>
            </TextLine>
            <TextLine id="tr_4_tl_3" custom="readingOrder {index:2;}">
                <Coords points="68,1385 822,1389 900,1434 1091,1401 1088,1306 820,1338 65,1317"/>
                <Baseline points="74,1358 104,1356 134,1354 164,1356 194,1358 224,1362 254,1366 284,1368 314,1368 344,1368 374,1368 404,1370 434,1370 464,1370 494,1370 524,1368 554,1366 584,1368 614,1368 644,1370 674,1372 704,1374 734,1374 764,1376 794,1376 824,1378 854,1382 884,1384 914,1384 944,1386 974,1386 1004,1386 1034,1388 1064,1392 1111,1402"/>
                <Word id="tr_4_tl_3_w1" custom="readingOrder {index:0;}">
                    <Coords points="64,1315 64,1375 252,1375 252,1315"/>
                    <TextEquiv>
                        <Unicode>Tage.</Unicode>
                    </TextEquiv>
                </Word>
                <Word id="tr_4_tl_3_w2" custom="readingOrder {index:1;}">
                    <Coords points="271,1328 271,1388 326,1388 326,1328"/>
                    <TextEquiv>
                        <Unicode>Es</Unicode>
                    </TextEquiv>
                </Word>
                <Word id="tr_4_tl_3_w3" custom="readingOrder {index:2;}">
                    <Coords points="355,1330 355,1390 454,1390 454,1330"/>
                    <TextEquiv>
                        <Unicode>mird</Unicode>
                    </TextEquiv>
                </Word>
                <Word id="tr_4_tl_3_w4" custom="readingOrder {index:3;}">
                    <Coords points="478,1329 478,1389 528,1389 528,1329"/>
                    <TextEquiv>
                        <Unicode>ſich</Unicode>
                    </TextEquiv>
                </Word>
                <Word id="tr_4_tl_3_w5" custom="readingOrder {index:4;}">
                    <Coords points="547,1328 547,1388 631,1388 631,1328"/>
                    <TextEquiv>
                        <Unicode>alſo</Unicode>
                    </TextEquiv>
                </Word>
                <Word id="tr_4_tl_3_w6" custom="readingOrder {index:5;}">
                    <Coords points="671,1335 671,1395 829,1395 829,1335"/>
                    <TextEquiv>
                        <Unicode>leider</Unicode>
                    </TextEquiv>
                </Word>
                <Word id="tr_4_tl_3_w7" custom="readingOrder {index:6;}">
                    <Coords points="868,1344 868,1404 908,1404 908,1344"/>
                    <TextEquiv>
                        <Unicode>ſo</Unicode>
                    </TextEquiv>
                </Word>
                <Word id="tr_4_tl_3_w8" custom="readingOrder {index:7;}">
                    <Coords points="933,1346 933,1406 1070,1406 1070,1346"/>
                    <TextEquiv>
                        <Unicode>fügen</Unicode>
                    </TextEquiv>
                </Word>
                <TextEquiv>
                    <Unicode>Tage. Es wird ſich alſo leider ſo fügen,</Unicode>
                </TextEquiv>
            </TextLine>
            <TextEquiv>
                <Unicode>Ampezzo-Thal durchprobiren. Wo
ich ſchlafen kann, bleibe ich ein paar
Tage. Es wird ſich alſo leider ſo fügen,</Unicode>
            </TextEquiv>
        </TextRegion>
    </Page>
</PcGts>
