3807 5542
1460 702 2112 762 Paris,
2199 713 2376 773 12.
2420 724 3027 784 Siptender

947 1244 1448 1304 Liebſter
1626 1264 2299 1324 Freund,

545 1651 820 1711 Ich
888 1656 1553 1716 bskoime
1702 1658 2264 1718 Deinen
2414 1661 2861 1721 lieben
2952 1672 3296 1732 Brief

631 1860 878 1920 erſt
983 1860 1254 1920 heut
1396 1861 2174 1921 Dienſtag,
2244 1863 2373 1923 in
2457 1864 2974 1924 Paris.

569 2067 1296 2127 Hoffentlich
1453 2064 1974 2124 erreicht
2132 2054 2339 2114 Dich
2509 2053 3103 2113 meine

724 2263 1447 2323 Antwort
1675 2258 1922 2318 noch
2105 2255 3085 2315 dounerſtag

532 2435 751 2495 in
879 2447 1713 2507 Muenchen.
1876 2454 2050 2514 Ich
2131 2454 2386 2514 habe
2467 2456 2722 2516 auch
2872 2454 3150 2514 hier

481 2653 851 2713 noch
938 2670 1489 2730 immer
1796 2678 2349 2738 raſend
2467 2670 2586 2730 zu
2743 2666 3099 2726 thun

487 2912 773 2972 und
961 2900 1310 2960 kann
1381 2892 1586 2952 Dir
1801 2886 2203 2946 daher
2355 2886 2659 2946 nur
2910 2899 3428 2959 einen

564 3156 1032 3216 Gruß
1247 3132 1393 3192 in
1527 3128 1876 3188 aller
1996 3131 2237 3191 Eile
2411 3155 3187 3215 ſchicken.

520 3371 737 3431 Xe
954 3378 1179 3438 Wie
1252 3378 1365 3438 es
1477 3377 1726 3437 mit
1871 3371 2539 3431 meinem
2629 3371 3095 3431 Urlaub

552 3606 1014 3666 wird
1114 3599 1325 3659 und
1486 3589 1737 3649 mit
1828 3582 2009 3642 der
2159 3574 2551 3634 Reiſe
2741 3577 3043 3637 nach

536 3837 1247 3897 Florenz,
1387 3812 1877 3872 erfahre
2052 3800 2168 3860 ich
2296 3798 2448 3858 in
2530 3817 3381 3877 Frankfurt

569 4038 800 4098 wo
898 4034 1020 4094 ich
1184 4032 1445 4092 Ende
1583 4032 1773 4092 der
1952 4037 2349 4097 Woche
2513 4058 3171 4118 eintrehf
3257 4156 3335 4216 God

537 4326 704 4386 Es
796 4317 1195 4377 wäre
1418 4300 2412 4360 entzückend,
2486 4319 3014 4379 wenn

541 4507 764 4567 Du
878 4518 1023 4578 in
1226 4525 1866 4585 nächſter
2022 4520 2045 4580 t
2495 4506 2943 4566 Woche

580 4708 945 4768 auch
1076 4718 2119 4778 hinkämeſt.
2224 4735 2485 4795 Von
2576 4772 3267 4832 München

530 4988 846 5048 iſts
943 4988 1039 5048 ja
1210 4986 1575 5046 nicht
1697 4987 2778 5047 allzuweit.
