<?xml version="1.0" encoding="UTF-8" standalone="yes"?>
<PcGts xmlns="http://schema.primaresearch.org/PAGE/gts/pagecontent/2013-07-15" xmlns:xsi="http://www.w3.org/2001/XMLSchema-instance" xsi:schemaLocation="http://schema.primaresearch.org/PAGE/gts/pagecontent/2013-07-15 http://schema.primaresearch.org/PAGE/gts/pagecontent/2013-07-15/pagecontent.xsd">
    <Metadata>
        <Creator>prov=READ-COOP:name=PyLaia@TranskribusPlatform:version=1.2.0:model_id=49503:lm=none:date=15_02_2023_10:05</Creator>
        <Created>2022-04-04T16:25:52.805+02:00</Created>
        <LastChange>2023-02-28T16:43:00.332+01:00</LastChange>
        <TranskribusMetadata docId="962554" pageId="37299475" pageNr="52" tsid="115936726" status="IN_PROGRESS" userId="64420" imgUrl="https://files.transkribus.eu/Get?id=PTBUCAKGZKNUXLQWTVVWKRYR&amp;fileType=view" xmlUrl="https://files.transkribus.eu/Get?id=JOLIFJVTMCHTTKEWFRTHDYTE" imageId="30076516"/>
    </Metadata>
    <Page imageFilename="DLA_1901_00052 DLA_85.1.3171_00042.jpg" imageWidth="1141" imageHeight="1439">
        <ReadingOrder>
            <OrderedGroup id="ro_1687340687568" caption="Regions reading order">
                <RegionRefIndexed index="0" regionRef="tr_1"/>
                <RegionRefIndexed index="1" regionRef="tr_2"/>
                <RegionRefIndexed index="2" regionRef="tr_3"/>
            </OrderedGroup>
        </ReadingOrder>
        <TextRegion id="tr_1" custom="readingOrder {index:0;}">
            <Coords points="66,140 1034,140 1034,703 66,703"/>
            <TextLine id="tr_1_tl_1" custom="readingOrder {index:0;} pre-print {offset:0; length:18;} place {offset:0; length:18;} dateline {offset:0; length:18; continued:true;} opener {offset:0; length:18; continued:true;} letter-begin {offset:0; length:0;}">
                <Coords points="627,198 663,213 692,197 746,206 770,196 875,217 945,201 938,147 880,148 830,176 627,159"/>
                <Baseline points="634,190 663,190 691,191 720,191 748,191 777,191 805,191 834,191 863,191 891,191 920,191 948,190"/>
                <Word id="tr_1_tl_1_w1" custom="readingOrder {index:0;}">
                    <Coords points="620,151 620,211 894,211 894,151"/>
                    <TextEquiv>
                        <Unicode>RtEeaUeRETeaeEe</Unicode>
                    </TextEquiv>
                </Word>
                <Word id="tr_1_tl_1_w2" custom="readingOrder {index:1;}">
                    <Coords points="915,150 915,210 955,210 955,150"/>
                    <TextEquiv>
                        <Unicode>19.</Unicode>
                    </TextEquiv>
                </Word>
                <TextEquiv>
                    <Unicode>Dessauerstrasse 19</Unicode>
                </TextEquiv>
            </TextLine>
            <TextLine id="tr_1_tl_2" custom="readingOrder {index:1;} dateline {offset:0; length:17; continued:true;} opener {offset:0; length:17; continued:true;} place {offset:0; length:6;} date {offset:8; length:8;}">
                <Coords points="70,243 112,238 165,267 234,242 326,291 356,273 449,283 491,266 486,187 327,193 291,173 251,202 206,191 189,204 118,172 65,179"/>
                <Baseline points="76,230 104,233 133,237 161,239 190,243 218,243 247,241 275,241 304,243 332,245 361,250 389,254 418,254 446,254 475,258 494,267"/>
                <Word id="tr_1_tl_2_w1" custom="readingOrder {index:0;}">
                    <Coords points="63,198 63,258 251,258 251,198"/>
                    <TextEquiv>
                        <Unicode>berlin</Unicode>
                    </TextEquiv>
                </Word>
                <Word id="tr_1_tl_2_w2" custom="readingOrder {index:1;}">
                    <Coords points="264,202 264,262 321,262 321,202"/>
                    <TextEquiv>
                        <Unicode>2.</Unicode>
                    </TextEquiv>
                </Word>
                <Word id="tr_1_tl_2_w3" custom="readingOrder {index:2;}">
                    <Coords points="352,214 352,274 483,274 483,214"/>
                    <TextEquiv>
                        <Unicode>Juni.</Unicode>
                    </TextEquiv>
                </Word>
                <TextEquiv>
                    <Unicode>Berlin, 21. Juni.</Unicode>
                </TextEquiv>
            </TextLine>
            <TextLine id="tr_1_tl_4" custom="readingOrder {index:2;} salute {offset:0; length:19;} opener {offset:0; length:19; continued:true;}">
                <Coords points="221,417 322,420 400,395 527,431 774,416 770,365 738,361 622,357 563,381 470,351 397,376 272,335 217,354"/>
                <Baseline points="226,387 254,389 283,389 311,393 340,397 368,397 397,397 425,399 454,402 482,404 511,406 539,408 568,408 596,410 625,410 653,412 682,414 710,414 739,414 767,414 783,426"/>
                <Word id="tr_1_tl_4_w1" custom="readingOrder {index:0;}">
                    <Coords points="214,352 214,412 397,412 397,352"/>
                    <TextEquiv>
                        <Unicode>Mein</Unicode>
                    </TextEquiv>
                </Word>
                <Word id="tr_1_tl_4_w2" custom="readingOrder {index:1;}">
                    <Coords points="418,364 418,424 553,424 553,364"/>
                    <TextEquiv>
                        <Unicode>lieber</Unicode>
                    </TextEquiv>
                </Word>
                <Word id="tr_1_tl_4_w3" custom="readingOrder {index:2;}">
                    <Coords points="596,374 596,434 784,434 784,374"/>
                    <TextEquiv>
                        <Unicode>Freund,</Unicode>
                    </TextEquiv>
                </Word>
                <TextEquiv>
                    <Unicode>Mein lieber Freund,</Unicode>
                </TextEquiv>
            </TextLine>
            <TextLine id="tr_1_tl_5" custom="readingOrder {index:3;} structure {type:paragraph;} date {offset:10; length:4;}">
                <Coords points="94,504 316,564 636,543 762,606 804,575 870,599 1032,569 1028,514 774,530 647,495 594,527 532,483 469,509 92,466"/>
                <Baseline points="100,499 129,505 157,509 186,515 214,517 243,518 271,522 300,524 328,526 357,528 385,530 414,530 442,530 471,530 499,534 528,536 556,534 585,536 613,537 642,539 671,541 699,543 728,545 756,549 785,551 813,555 842,553 870,555 899,556 927,556 956,558 984,560 1013,562 1034,562"/>
                <Word id="tr_1_tl_5_w1" custom="readingOrder {index:0;}">
                    <Coords points="91,469 91,529 229,529 229,469"/>
                    <TextEquiv>
                        <Unicode>Wir</Unicode>
                    </TextEquiv>
                </Word>
                <Word id="tr_1_tl_5_w2" custom="readingOrder {index:1;}">
                    <Coords points="252,484 252,544 358,544 358,484"/>
                    <TextEquiv>
                        <Unicode>haben</Unicode>
                    </TextEquiv>
                </Word>
                <Word id="tr_1_tl_5_w3" custom="readingOrder {index:2;}">
                    <Coords points="377,490 377,550 464,550 464,490"/>
                    <TextEquiv>
                        <Unicode>heut</Unicode>
                    </TextEquiv>
                </Word>
                <Word id="tr_1_tl_5_w4" custom="readingOrder {index:3;}">
                    <Coords points="487,495 487,555 580,555 580,495"/>
                    <TextEquiv>
                        <Unicode>hier</Unicode>
                    </TextEquiv>
                </Word>
                <Word id="tr_1_tl_5_w5" custom="readingOrder {index:4;}">
                    <Coords points="621,510 621,570 926,570 926,510"/>
                    <TextEquiv>
                        <Unicode>telegraphiſch</Unicode>
                    </TextEquiv>
                </Word>
                <Word id="tr_1_tl_5_w6" custom="readingOrder {index:5;}">
                    <Coords points="949,519 949,579 1009,579 1009,519"/>
                    <TextEquiv>
                        <Unicode>die</Unicode>
                    </TextEquiv>
                </Word>
                <TextEquiv>
                    <Unicode>Wir haben heut hier telegraphiſch die</Unicode>
                </TextEquiv>
            </TextLine>
            <TextLine id="tr_1_tl_6" custom="readingOrder {index:4;}">
                <Coords points="59,593 253,647 384,608 514,644 1032,631 1019,594 880,609 802,575 698,607 58,540"/>
                <Baseline points="66,583 95,589 123,591 152,593 180,594 209,594 237,598 266,600 294,602 323,602 351,604 380,606 408,606 437,606 465,608 494,610 522,612 551,612 579,610 608,613 636,615 665,615 693,615 722,617 750,619 779,621 807,621 836,621 864,623 893,625 921,627 950,625 978,625 1007,627 1034,627"/>
                <Word id="tr_1_tl_6_w1" custom="readingOrder {index:0;}">
                    <Coords points="55,552 55,612 244,612 244,552"/>
                    <TextEquiv>
                        <Unicode>Kunde</Unicode>
                    </TextEquiv>
                </Word>
                <Word id="tr_1_tl_6_w2" custom="readingOrder {index:1;}">
                    <Coords points="273,566 273,626 506,626 506,566"/>
                    <TextEquiv>
                        <Unicode>erhalten,</Unicode>
                    </TextEquiv>
                </Word>
                <Word id="tr_1_tl_6_w3" custom="readingOrder {index:2;}">
                    <Coords points="517,571 517,631 590,631 590,571"/>
                    <TextEquiv>
                        <Unicode>daß</Unicode>
                    </TextEquiv>
                </Word>
                <Word id="tr_1_tl_6_w4" custom="readingOrder {index:3;}">
                    <Coords points="630,575 630,635 677,635 677,575"/>
                    <TextEquiv>
                        <Unicode>Du</Unicode>
                    </TextEquiv>
                </Word>
                <Word id="tr_1_tl_6_w5" custom="readingOrder {index:4;}">
                    <Coords points="743,581 743,641 830,641 830,581"/>
                    <TextEquiv>
                        <Unicode>aus</Unicode>
                    </TextEquiv>
                </Word>
                <Word id="tr_1_tl_6_w6" custom="readingOrder {index:5;}">
                    <Coords points="896,585 896,645 1012,645 1012,585"/>
                    <TextEquiv>
                        <Unicode>dem</Unicode>
                    </TextEquiv>
                </Word>
                <TextEquiv>
                    <Unicode>Kunde erhalten, daß Du aus dem</Unicode>
                </TextEquiv>
            </TextLine>
            <TextLine id="tr_1_tl_7" custom="readingOrder {index:5;} textStyle {offset:32; length:6;strikethrough:true;}">
                <Coords points="75,705 283,676 443,715 607,680 835,735 1006,700 983,636 504,652 71,619"/>
                <Baseline points="79,653 108,655 136,661 165,663 193,665 222,665 250,667 279,669 307,671 336,671 364,671 393,671 422,671 450,669 479,672 507,672 536,672 564,674 593,674 621,678 650,678 678,678 707,680 735,684 764,686 792,691 821,693 849,693 878,693 906,693 935,693 963,693 992,691 1009,690"/>
                <Word id="tr_1_tl_7_w1" custom="readingOrder {index:0;}">
                    <Coords points="69,626 69,686 413,686 413,626"/>
                    <TextEquiv>
                        <Unicode>Offizierſtande</Unicode>
                    </TextEquiv>
                </Word>
                <Word id="tr_1_tl_7_w2" custom="readingOrder {index:1;}">
                    <Coords points="458,633 458,693 642,693 642,633"/>
                    <TextEquiv>
                        <Unicode>geſtrihen</Unicode>
                    </TextEquiv>
                </Word>
                <Word id="tr_1_tl_7_w3" custom="readingOrder {index:2;}">
                    <Coords points="663,641 663,701 773,701 773,641"/>
                    <TextEquiv>
                        <Unicode>biſt.</Unicode>
                    </TextEquiv>
                </Word>
                <Word id="tr_1_tl_7_w4" custom="readingOrder {index:3;}">
                    <Coords points="794,653 794,713 905,713 905,653"/>
                    <TextEquiv>
                        <Unicode>Ebt</Unicode>
                    </TextEquiv>
                </Word>
                <Word id="tr_1_tl_7_w5" custom="readingOrder {index:4;}">
                    <Coords points="938,653 938,713 982,713 982,653"/>
                    <TextEquiv>
                        <Unicode>Ich</Unicode>
                    </TextEquiv>
                </Word>
                <TextEquiv>
                    <Unicode>Offizierſtande geſtrichen biſt. Es iſt Ich</Unicode>
                </TextEquiv>
            </TextLine>
            <TextEquiv>
                <Unicode>Dessauerstrasse 19
Berlin, 21. Juni.
Mein lieber Freund,
Wir haben heut hier telegraphiſch die
Kunde erhalten, daß Du aus dem
Offizierſtande geſtrichen biſt. Es iſt Ich</Unicode>
            </TextEquiv>
        </TextRegion>
        <TextRegion id="tr_2" custom="readingOrder {index:1;}">
            <Coords points="64,679 1062,679 1062,1066 64,1066"/>
            <TextLine id="tr_2_tl_1" custom="readingOrder {index:0;}">
                <Coords points="66,747 137,775 443,747 604,795 673,764 761,809 990,770 988,711 826,736 617,702 517,728 65,707"/>
                <Baseline points="72,729 100,731 129,737 157,739 186,739 214,741 243,741 271,743 300,745 328,745 357,745 385,747 414,748 442,748 471,750 499,750 528,750 556,750 585,750 613,752 642,754 671,756 699,758 728,760 756,760 785,762 813,762 842,762 870,766 899,766 927,766 956,766 984,764 1002,780"/>
                <Word id="tr_2_tl_1_w1" custom="readingOrder {index:0;}">
                    <Coords points="62,698 62,758 250,758 250,698"/>
                    <TextEquiv>
                        <Unicode>weiß,</Unicode>
                    </TextEquiv>
                </Word>
                <Word id="tr_2_tl_1_w2" custom="readingOrder {index:1;}">
                    <Coords points="262,703 262,763 297,763 297,703"/>
                    <TextEquiv>
                        <Unicode>es</Unicode>
                    </TextEquiv>
                </Word>
                <Word id="tr_2_tl_1_w3" custom="readingOrder {index:2;}">
                    <Coords points="325,706 325,766 442,766 442,706"/>
                    <TextEquiv>
                        <Unicode>wird</Unicode>
                    </TextEquiv>
                </Word>
                <Word id="tr_2_tl_1_w4" custom="readingOrder {index:3;}">
                    <Coords points="494,710 494,770 564,770 564,710"/>
                    <TextEquiv>
                        <Unicode>Dir</Unicode>
                    </TextEquiv>
                </Word>
                <Word id="tr_2_tl_1_w5" custom="readingOrder {index:4;}">
                    <Coords points="611,719 611,779 826,779 826,719"/>
                    <TextEquiv>
                        <Unicode>ſchrecklich</Unicode>
                    </TextEquiv>
                </Word>
                <Word id="tr_2_tl_1_w6" custom="readingOrder {index:5;}">
                    <Coords points="858,726 858,786 1000,786 1000,726"/>
                    <TextEquiv>
                        <Unicode>ſein,</Unicode>
                    </TextEquiv>
                </Word>
                <TextEquiv>
                    <Unicode>weiß, es wird Dir ſchrecklich ſein,</Unicode>
                </TextEquiv>
            </TextLine>
            <TextLine id="tr_2_tl_2" custom="readingOrder {index:1;}">
                <Coords points="60,840 251,809 406,871 634,821 755,884 802,855 989,864 1000,829 659,780 498,807 307,761 56,779"/>
                <Baseline points="64,798 93,800 121,802 150,804 178,807 207,809 235,809 264,809 292,809 321,809 349,809 378,811 406,813 435,813 463,813 492,817 520,819 549,821 577,819 606,819 634,821 663,825 691,826 720,830 748,832 777,836 805,840 834,842 863,845 891,849 920,851 948,853 977,855 1003,857"/>
                <Word id="tr_2_tl_2_w1" custom="readingOrder {index:0;}">
                    <Coords points="54,760 54,820 147,820 147,760"/>
                    <TextEquiv>
                        <Unicode>daß</Unicode>
                    </TextEquiv>
                </Word>
                <Word id="tr_2_tl_2_w2" custom="readingOrder {index:1;}">
                    <Coords points="189,769 189,829 231,829 231,769"/>
                    <TextEquiv>
                        <Unicode>Du</Unicode>
                    </TextEquiv>
                </Word>
                <Word id="tr_2_tl_2_w3" custom="readingOrder {index:2;}">
                    <Coords points="266,769 266,829 452,829 452,769"/>
                    <TextEquiv>
                        <Unicode>künftig</Unicode>
                    </TextEquiv>
                </Word>
                <Word id="tr_2_tl_2_w4" custom="readingOrder {index:3;}">
                    <Coords points="498,780 498,840 587,840 587,780"/>
                    <TextEquiv>
                        <Unicode>den</Unicode>
                    </TextEquiv>
                </Word>
                <Word id="tr_2_tl_2_w5" custom="readingOrder {index:4;}">
                    <Coords points="613,798 613,858 981,858 981,798"/>
                    <TextEquiv>
                        <Unicode>bewaffneten</Unicode>
                    </TextEquiv>
                </Word>
                <TextEquiv>
                    <Unicode>daß Du künftig den bewaffneten</Unicode>
                </TextEquiv>
            </TextLine>
            <TextLine id="tr_2_tl_3" custom="readingOrder {index:2;}">
                <Coords points="65,924 471,890 780,957 826,924 972,932 970,903 802,856 752,884 580,849 283,870 61,825"/>
                <Baseline points="70,872 98,874 127,878 155,882 184,883 212,885 241,887 269,889 298,889 326,889 355,889 383,889 412,889 441,889 469,889 498,891 526,889 555,887 583,885 612,891 640,893 669,897 697,899 726,902 754,906 783,906 811,910 840,910 868,914 897,916 925,918 954,920 975,921"/>
                <Word id="tr_2_tl_3_w1" custom="readingOrder {index:0;}">
                    <Coords points="58,844 58,904 341,904 341,844"/>
                    <TextEquiv>
                        <Unicode>Schaaren</Unicode>
                    </TextEquiv>
                </Word>
                <Word id="tr_2_tl_3_w2" custom="readingOrder {index:1;}">
                    <Coords points="363,849 363,909 468,909 468,849"/>
                    <TextEquiv>
                        <Unicode>nicht</Unicode>
                    </TextEquiv>
                </Word>
                <Word id="tr_2_tl_3_w3" custom="readingOrder {index:2;}">
                    <Coords points="486,849 486,909 549,909 549,849"/>
                    <TextEquiv>
                        <Unicode>als</Unicode>
                    </TextEquiv>
                </Word>
                <Word id="tr_2_tl_3_w4" custom="readingOrder {index:3;}">
                    <Coords points="613,866 613,926 940,926 940,866"/>
                    <TextEquiv>
                        <Unicode>Herrführer</Unicode>
                    </TextEquiv>
                </Word>
                <TextEquiv>
                    <Unicode>Schaaren nicht als Herrführer</Unicode>
                </TextEquiv>
            </TextLine>
            <TextLine id="tr_2_tl_4" custom="readingOrder {index:3;}">
                <Coords points="61,949 241,1004 325,965 476,1006 675,972 1061,1019 1059,962 884,918 782,965 495,914 61,929"/>
                <Baseline points="68,944 96,946 125,948 153,954 182,956 211,958 239,959 268,959 296,961 325,963 353,963 382,965 410,965 439,967 467,965 496,965 524,963 553,965 581,965 610,965 638,967 667,969 695,973 724,975 752,977 781,978 809,980 838,980 866,982 895,982 923,984 952,986 980,988 1009,990 1037,994 1062,997"/>
                <Word id="tr_2_tl_4_w1" custom="readingOrder {index:0;}">
                    <Coords points="58,918 58,978 391,978 391,918"/>
                    <TextEquiv>
                        <Unicode>voramziehen</Unicode>
                    </TextEquiv>
                </Word>
                <Word id="tr_2_tl_4_w2" custom="readingOrder {index:1;}">
                    <Coords points="430,924 430,984 587,984 587,924"/>
                    <TextEquiv>
                        <Unicode>ſollſt,</Unicode>
                    </TextEquiv>
                </Word>
                <Word id="tr_2_tl_4_w3" custom="readingOrder {index:2;}">
                    <Coords points="637,933 637,993 754,993 754,933"/>
                    <TextEquiv>
                        <Unicode>aber</Unicode>
                    </TextEquiv>
                </Word>
                <Word id="tr_2_tl_4_w4" custom="readingOrder {index:3;}">
                    <Coords points="793,940 793,1000 846,1000 846,940"/>
                    <TextEquiv>
                        <Unicode>Du</Unicode>
                    </TextEquiv>
                </Word>
                <Word id="tr_2_tl_4_w5" custom="readingOrder {index:4;}">
                    <Coords points="903,947 903,1007 1038,1007 1038,947"/>
                    <TextEquiv>
                        <Unicode>wirſt</Unicode>
                    </TextEquiv>
                </Word>
                <TextEquiv>
                    <Unicode>voranziehen ſollſt, aber Du wirſt</Unicode>
                </TextEquiv>
            </TextLine>
            <TextLine id="tr_2_tl_5" custom="readingOrder {index:4;}">
                <Coords points="59,1036 542,1086 675,1047 829,1100 1008,1062 1008,1029 873,998 705,1033 514,992 453,1027 365,992 56,982"/>
                <Baseline points="64,1016 93,1020 121,1024 150,1024 178,1028 207,1030 235,1034 264,1034 292,1036 321,1036 349,1037 378,1036 406,1037 435,1039 463,1037 492,1037 520,1037 549,1037 577,1037 606,1037 634,1039 663,1041 691,1043 720,1041 748,1039 777,1041 805,1043 834,1047 863,1045 891,1047 920,1051 948,1053 977,1055 1005,1056 1011,1056"/>
                <Word id="tr_2_tl_5_w1" custom="readingOrder {index:0;}">
                    <Coords points="53,982 53,1042 174,1042 174,982"/>
                    <TextEquiv>
                        <Unicode>das</Unicode>
                    </TextEquiv>
                </Word>
                <Word id="tr_2_tl_5_w2" custom="readingOrder {index:1;}">
                    <Coords points="204,996 204,1056 389,1056 389,996"/>
                    <TextEquiv>
                        <Unicode>Unglück</Unicode>
                    </TextEquiv>
                </Word>
                <Word id="tr_2_tl_5_w3" custom="readingOrder {index:2;}">
                    <Coords points="409,997 409,1057 692,1057 692,997"/>
                    <TextEquiv>
                        <Unicode>zutragen</Unicode>
                    </TextEquiv>
                </Word>
                <Word id="tr_2_tl_5_w4" custom="readingOrder {index:3;}">
                    <Coords points="757,1006 757,1066 1002,1066 1002,1006"/>
                    <TextEquiv>
                        <Unicode>wiſſen.</Unicode>
                    </TextEquiv>
                </Word>
                <TextEquiv>
                    <Unicode>das Unglück zu tragen wiſſen.</Unicode>
                </TextEquiv>
            </TextLine>
            <TextEquiv>
                <Unicode>weiß, es wird Dir ſchrecklich ſein,
daß Du künftig den bewaffneten
Schaaren nicht als Herrführer
voranziehen ſollſt, aber Du wirſt
das Unglück zu tragen wiſſen.</Unicode>
            </TextEquiv>
        </TextRegion>
        <TextRegion id="tr_3" custom="readingOrder {index:2;}">
            <Coords points="66,1048 1079,1048 1079,1378 66,1378"/>
            <TextLine id="tr_3_tl_1" custom="readingOrder {index:0;}">
                <Coords points="59,1107 219,1150 268,1120 463,1152 567,1125 633,1171 757,1135 830,1180 1052,1151 1049,1107 885,1086 832,1113 634,1068 58,1078"/>
                <Baseline points="66,1098 95,1098 123,1100 152,1104 180,1108 209,1110 237,1110 266,1110 294,1113 323,1113 351,1113 380,1113 408,1112 437,1112 465,1112 494,1113 522,1113 551,1117 579,1117 608,1117 636,1119 665,1123 693,1125 722,1123 750,1123 779,1123 807,1127 836,1125 864,1125 893,1127 921,1131 950,1134 978,1140 1007,1142 1036,1144 1055,1144"/>
                <Word id="tr_3_tl_1_w1" custom="readingOrder {index:0;}">
                    <Coords points="55,1058 55,1118 147,1118 147,1058"/>
                    <TextEquiv>
                        <Unicode>Die</Unicode>
                    </TextEquiv>
                </Word>
                <Word id="tr_3_tl_1_w2" custom="readingOrder {index:1;}">
                    <Coords points="183,1073 183,1133 510,1133 510,1073"/>
                    <TextEquiv>
                        <Unicode>Begründung</Unicode>
                    </TextEquiv>
                </Word>
                <Word id="tr_3_tl_1_w3" custom="readingOrder {index:2;}">
                    <Coords points="530,1077 530,1137 590,1137 590,1077"/>
                    <TextEquiv>
                        <Unicode>des</Unicode>
                    </TextEquiv>
                </Word>
                <Word id="tr_3_tl_1_w4" custom="readingOrder {index:3;}">
                    <Coords points="642,1085 642,1145 1033,1145 1033,1085"/>
                    <TextEquiv>
                        <Unicode>Threnräthlichen</Unicode>
                    </TextEquiv>
                </Word>
                <TextEquiv>
                    <Unicode>Die Begründung des ehreräthlichen</Unicode>
                </TextEquiv>
            </TextLine>
            <TextLine id="tr_3_tl_2" custom="readingOrder {index:1;}">
                <Coords points="71,1200 290,1187 362,1225 441,1197 568,1237 791,1199 977,1289 1077,1263 1073,1177 1009,1204 891,1161 69,1147"/>
                <Baseline points="77,1176 106,1178 134,1180 163,1180 191,1184 220,1184 249,1184 277,1186 306,1186 334,1186 363,1188 391,1188 420,1189 448,1189 477,1189 505,1188 534,1191 562,1195 591,1195 619,1195 648,1197 676,1197 705,1197 733,1199 762,1199 790,1199 819,1199 847,1203 876,1203 904,1205 933,1210 961,1218 990,1226 1018,1235 1047,1245 1075,1248 1079,1250"/>
                <Word id="tr_3_tl_2_w1" custom="readingOrder {index:0;}">
                    <Coords points="68,1145 68,1205 466,1205 466,1145"/>
                    <TextEquiv>
                        <Unicode>Erkenntniſſes</Unicode>
                    </TextEquiv>
                </Word>
                <Word id="tr_3_tl_2_w2" custom="readingOrder {index:1;}">
                    <Coords points="519,1152 519,1212 567,1212 567,1152"/>
                    <TextEquiv>
                        <Unicode>iſt</Unicode>
                    </TextEquiv>
                </Word>
                <Word id="tr_3_tl_2_w3" custom="readingOrder {index:2;}">
                    <Coords points="592,1157 592,1217 737,1217 737,1157"/>
                    <TextEquiv>
                        <Unicode>perfid</Unicode>
                    </TextEquiv>
                </Word>
                <Word id="tr_3_tl_2_w4" custom="readingOrder {index:3;}">
                    <Coords points="766,1159 766,1219 844,1219 844,1159"/>
                    <TextEquiv>
                        <Unicode>und</Unicode>
                    </TextEquiv>
                </Word>
                <Word id="tr_3_tl_2_w5" custom="readingOrder {index:4;}">
                    <Coords points="878,1179 878,1239 1052,1239 1052,1179"/>
                    <TextEquiv>
                        <Unicode>verräth</Unicode>
                    </TextEquiv>
                </Word>
                <TextEquiv>
                    <Unicode>Erkenntniſſes iſt perfid und verräth</Unicode>
                </TextEquiv>
            </TextLine>
            <TextLine id="tr_3_tl_3" custom="readingOrder {index:2;}">
                <Coords points="74,1280 481,1325 623,1293 706,1328 777,1295 982,1309 997,1266 909,1283 849,1247 784,1278 602,1231 217,1241 70,1206"/>
                <Baseline points="79,1256 108,1258 136,1260 165,1262 193,1262 222,1266 250,1267 279,1269 307,1271 336,1273 364,1275 393,1275 422,1275 450,1275 479,1277 507,1277 536,1281 564,1283 593,1283 621,1286 650,1286 678,1288 707,1288 735,1286 764,1290 792,1290 821,1294 849,1296 878,1300 906,1302 935,1302 963,1304 992,1305 1001,1305"/>
                <Word id="tr_3_tl_3_w1" custom="readingOrder {index:0;}">
                    <Coords points="70,1220 70,1280 214,1280 214,1220"/>
                    <TextEquiv>
                        <Unicode>gute</Unicode>
                    </TextEquiv>
                </Word>
                <Word id="tr_3_tl_3_w2" custom="readingOrder {index:1;}">
                    <Coords points="247,1235 247,1295 482,1295 482,1235"/>
                    <TextEquiv>
                        <Unicode>feſuitiſche</Unicode>
                    </TextEquiv>
                </Word>
                <Word id="tr_3_tl_3_w3" custom="readingOrder {index:2;}">
                    <Coords points="498,1246 498,1306 788,1306 788,1246"/>
                    <TextEquiv>
                        <Unicode>Schulung.</Unicode>
                    </TextEquiv>
                </Word>
                <Word id="tr_3_tl_3_w4" custom="readingOrder {index:3;}">
                    <Coords points="809,1261 809,1321 980,1321 980,1261"/>
                    <TextEquiv>
                        <Unicode>Wenn</Unicode>
                    </TextEquiv>
                </Word>
                <TextEquiv>
                    <Unicode>gute jeſuitiſche Schulung. Wenn</Unicode>
                </TextEquiv>
            </TextLine>
            <TextLine id="tr_3_tl_4" custom="readingOrder {index:3;}">
                <Coords points="78,1345 177,1349 218,1387 272,1355 499,1355 930,1389 993,1375 992,1316 76,1318"/>
                <Baseline points="85,1343 114,1343 142,1343 171,1343 199,1345 228,1349 256,1349 285,1353 313,1357 342,1357 370,1359 399,1359 427,1357 456,1355 484,1355 513,1357 541,1359 570,1359 598,1359 627,1361 655,1361 684,1361 712,1359 741,1357 769,1359 798,1359 826,1361 855,1361 883,1362 912,1364 940,1366 969,1368 994,1368"/>
                <Word id="tr_3_tl_4_w1" custom="readingOrder {index:0;}">
                    <Coords points="72,1303 72,1363 164,1363 164,1303"/>
                    <TextEquiv>
                        <Unicode>Du</Unicode>
                    </TextEquiv>
                </Word>
                <Word id="tr_3_tl_4_w2" custom="readingOrder {index:1;}">
                    <Coords points="200,1309 200,1369 280,1369 280,1309"/>
                    <TextEquiv>
                        <Unicode>noch</Unicode>
                    </TextEquiv>
                </Word>
                <Word id="tr_3_tl_4_w3" custom="readingOrder {index:2;}">
                    <Coords points="308,1319 308,1379 436,1379 436,1319"/>
                    <TextEquiv>
                        <Unicode>eines</Unicode>
                    </TextEquiv>
                </Word>
                <Word id="tr_3_tl_4_w4" custom="readingOrder {index:3;}">
                    <Coords points="484,1319 484,1379 708,1379 708,1319"/>
                    <TextEquiv>
                        <Unicode>Mittels</Unicode>
                    </TextEquiv>
                </Word>
                <Word id="tr_3_tl_4_w5" custom="readingOrder {index:4;}">
                    <Coords points="759,1321 759,1381 970,1381 970,1321"/>
                    <TextEquiv>
                        <Unicode>bedurft</Unicode>
                    </TextEquiv>
                </Word>
                <TextEquiv>
                    <Unicode>Du noch eines Mittels bedurft</Unicode>
                </TextEquiv>
            </TextLine>
            <TextEquiv>
                <Unicode>Die Begründung des ehreräthlichen
Erkenntniſſes iſt perfid und verräth
gute jeſuitiſche Schulung. Wenn
Du noch eines Mittels bedurft</Unicode>
            </TextEquiv>
        </TextRegion>
    </Page>
</PcGts>
