3970 5854
1897 534 2261 594 Frankfurt
2310 536 2386 596 a.
2405 536 2560 596 M,
2599 535 2695 595 8.
2743 532 2955 592 Juel
3253 526 3483 586 18893.

718 1620 1119 1680 Mein
1314 1645 1660 1705 lieber
1780 1643 2238 1703 Freund

459 2070 810 2130 Nun
910 2074 1081 2134 biſt
1207 2072 1326 2132 Du
1461 2070 1687 2130 wohl
1804 2064 2220 2124 wieder
2373 2062 2563 2122 aus
2654 2067 3195 2127 Havviier

388 2290 767 2350 Hurieb
868 2294 1087 2354 und
1296 2294 1456 2354 haſt
1515 2292 1705 2352 Dich
1795 2288 2325 2348 hoffertlich
2424 2283 2674 2343 recht
2753 2282 3153 2342 erholt.

382 2502 550 2562 Ich
615 2508 806 2568 habe
886 2511 1006 2571 dir
1230 2510 1726 2570 Antwort
1903 2506 2071 2566 auf
2167 2504 2639 2564 Dennen
2718 2508 3159 2568 letzten

359 2721 808 2781 lieben
889 2730 1117 2790 Brief
1218 2730 1408 2790 von
1507 2728 1666 2788 Tag
1757 2725 1836 2785 zu
1987 2723 2246 2783 Tage
2395 2724 3374 2784 hinausgeſchobeg

338 2930 526 2990 in
652 2933 798 2993 der
956 2938 1575 2998 Hoffnung,
1637 2940 1816 3000 Dir
1993 2940 2674 3000 Genaueres
2821 2936 3135 2996 über

381 3154 808 3214 meinr
965 3154 1624 3214 Reiſeplani
1799 3152 2477 3212 entheilen
2653 3152 2756 3212 zu
2876 3150 3478 3210 konnen.

383 3362 737 3422 aber
846 3366 924 3426 es
1082 3368 1347 3428 will
1525 3370 1653 3430 ſich
1771 3370 2007 3430 noht
2135 3372 2608 3432 klären.
2716 3376 2933 3436 Jetzt
3011 3381 3140 3441 iſt

361 3579 897 3639 wieder
977 3585 1485 3645 einmal
1660 3584 2345 3644 beſtimmt,
2452 3579 2648 3639 daß
2775 3577 2893 3637 ich
3039 3576 3332 3636 nach

353 3816 989 3876 Rinnes
1118 3817 1456 3877 gehen
1574 3811 1849 3871 ſoll.
1914 3807 2105 3867 Der
2221 3809 3199 3869 Dreyfen-Prozeß

368 4014 861 4074 dürfte
1082 4012 1449 4072 Mitte
1513 4012 1785 4072 oder
1953 4016 2237 4076 Ende
2395 4019 2657 4079 Jerli
2772 4027 3486 4087 ſtathinden.

328 4232 736 4292 Denn
821 4236 1025 4296 habe
1161 4240 1280 4300 ich
1493 4245 1773 4305 noch
1892 4250 2300 4310 einige
2453 4247 2708 4307 Zeit
2989 4233 3158 4293 in

416 4461 979 4521 Paris
1031 4464 1135 4524 zu
1306 4460 1659 4520 thun.
1791 4443 2774 4503 Vorausſichtlich
2943 4445 3389 4505 werde

380 4689 565 4749 ich
682 4685 751 4745 ſo
832 4680 1262 4740 gegen
1494 4673 1866 4733 Mitte
2017 4670 2551 4730 Äuguſt
2714 4670 3132 4730 fertig

421 4893 875 4953 ſein,
912 4906 1151 4966 aber
1365 4903 1522 4963 ſich
1569 4899 1678 4959 er
1905 4889 2048 4949 iſt
2157 4881 2372 4941 das
2515 4875 2766 4935 auf
2899 4881 3293 4941 nicht.
