3787 5508
417 626 836 686 Doct
932 629 1286 689 bleibe
1384 631 1491 691 ich
1728 632 2082 692 zwei
2189 630 2458 690 oder
2588 626 2868 686 drei
3007 616 3340 676 Tage

427 848 763 908 und
870 848 1375 908 kouuur
1508 836 1906 896 diuu
1969 825 2270 885 etwa
2412 810 2943 870 Freitag
3059 806 3342 866 nach

451 1050 944 1110 Wien,
1038 1052 1261 1112 vnn
1411 1040 1672 1100 dat
1784 1024 2073 1084 mit
2325 1005 2530 1065 Dir
2671 1002 2828 1062 die
2969 1019 3406 1079 letzten

423 1261 756 1321 acht
868 1257 1112 1317 Tage
1223 1244 1713 1304 meies
1858 1226 2381 1286 Urlaals
2526 1224 2625 1284 zu
2771 1244 3494 1304 verbrirgen

445 1481 1201 1541 Iuurnihin
1300 1473 1592 1533 bitte
1728 1460 1874 1520 ich
1959 1449 2314 1509 Dich,
2387 1444 2668 1504 mir
2814 1460 3193 1520 ſofort

448 1728 856 1788 nach
978 1729 1578 1789 Eropfang
1661 1715 2015 1775 dieſes
2124 1698 2588 1758 Briefes
2737 1688 3051 1748 nach

439 1978 1081 2038 Veriedig
1218 1978 1617 2038 Poste
1755 1971 2439 2031 restaute
2617 1963 2755 2023 zu
2891 1957 3438 2017 telegra¬

455 2213 1072 2273 phiren,
1115 2203 1212 2263 ob
1386 2200 1612 2260 Dir
1775 2200 2207 2260 meine
2338 2198 3041 2258 Ankunft

436 2428 764 2488 am
903 2440 1408 2500 Freitag
1586 2430 1889 2490 recht
2001 2428 2279 2488 iſt,

3232 2668 3297 2728 ?
809 2646 1023 2706 Ich
1119 2668 1392 2728 kaun
1453 2676 1679 2736 alſo
1763 2672 1929 2732 bei
2062 2667 2251 2727 Dir
2538 2670 3075 2730 wohnen

403 2840 748 2900 Iuu
908 2878 1218 2938 deuuin
1323 2894 1886 2954 Raiſegeld
2000 2889 2402 2949 largt
2564 2882 2805 2942 nicht
2885 2882 3184 2942 mehr

437 3112 741 3172 viel
859 3117 1271 3177 weiter
1432 3110 1621 3170 als
1818 3100 2061 3160 zur
2186 3083 3066 3143 Beſtreitung

430 3324 720 3384 der
830 3326 1140 3386 Reiſe
1269 3328 1579 3388 nach
1670 3326 2030 3386 Wien
2129 3323 2300 3383 und
2419 3319 2640 3379 von
2739 3314 2850 3374 da
2990 3305 3280 3365 nach

430 3557 1280 3617 Frankfurt.
1327 3549 1752 3609 Werde
1882 3534 2012 3594 ich
2094 3521 2413 3581 aber
2543 3508 2756 3568 Dich
2921 3506 3193 3566 uud

458 3773 700 3833 die
778 3792 1381 3852 Denigen
1516 3783 1799 3843 nicht
1974 3762 2567 3822 ſtören?

786 3991 1230 4051 Bitte,
1284 4000 1653 4060 ſchreibe
1718 3994 1870 4054 an
2010 3970 2769 4030 Richard,
2877 3958 3072 4018 daß
3180 3965 3408 4025 auch

414 4191 621 4251 er
738 4204 1016 4264 nach
1108 4204 1490 4264 Wien
1594 4186 2244 4246 kouunt,
2371 4169 2695 4229 falls
2847 4169 2985 4229 er
3112 4179 3390 4239 nicht

393 4436 735 4496 ſchon
836 4430 1229 4490 zurück
1359 4426 1631 4486 ſein
1752 4419 2194 4479 ſollte.

733 4640 1147 4700 Mir
1248 4656 1512 4716 droht
1582 4662 1744 4722 ein
1895 4668 2452 4728 ſchwires
2664 4676 3221 4736 Unheil!

406 4832 744 4892 Wie
830 4858 929 4918 ich
994 4869 1191 4929 ars
1332 4876 2084 4936 Frankfurt
2183 4868 2390 4928 höe
2641 4868 3000 4928 wird

450 5078 1265 5138 Rotteuberg
1314 5092 2168 5152 wahrſcheinlich
2265 5086 2432 5146 an
2541 5084 2845 5144 Stelle
2992 5087 3218 5147 von
