1208 1434
43 192 95 252 d
172 211 351 271 Depeſchen
387 215 489 275 über
521 218 578 278 die
627 226 846 286 preüßiſche
858 236 1065 296 Münſter

55 258 209 318 keiſis
244 274 315 334 und
377 278 548 338 Berchten
569 286 656 346 über
710 292 778 352 die
802 292 916 352 Tage
938 297 995 357 des

60 324 296 384 Berliner
336 343 697 403 Effeltenmacktes

150 404 307 464 Mache
324 412 360 472 ich
375 418 446 478 alſo
475 424 578 484 nicht
600 428 657 488 die
675 433 843 493 Reiſe,
854 436 907 496 die
929 440 972 500 ich

49 458 139 518 der
167 477 419 537 Redaktien
440 494 739 554 vorgeſchlagen
783 508 892 568 habe,
920 516 957 576 ſo

60 521 226 581 werde
245 534 281 594 ich
318 553 504 613 drfangs
531 562 688 622 Auguſt
716 573 901 633 mainen
937 600 1085 660 Aebaufe

46 600 293 660 antreten.
325 620 520 680 Diesmal
555 630 672 690 kann
697 635 733 695 es
761 639 818 699 ſich
864 650 935 710 für

54 662 164 722 mich
194 676 282 736 mir
323 680 396 740 um
459 686 522 746 den
558 698 809 758 Aufenthalt
890 713 967 773 an

48 732 200 792 einem
257 748 323 808 Ort
353 757 525 817 handeln.
581 768 625 828 Es
648 771 688 831 iſt
711 768 873 828 mieder
930 780 993 840 die

45 803 233 863 leidige
283 820 515 880 Geldfrage.
560 836 717 896 Sparen
748 838 829 898 habe
852 842 887 902 ich
909 857 1071 917 währen

52 872 150 932 des
171 888 330 948 ganzen
383 902 517 962 Jahres
538 906 627 966 nicht
672 914 884 974 gekonnt,
916 924 1036 984 dann

49 949 175 1009 muß
209 960 248 1020 ich
288 971 430 1031 mein
479 974 666 1034 Mitter
724 984 790 1044 ins
845 988 942 1048 Bad

49 1036 278 1096 ſchicken;
320 1040 404 1100 und
443 1038 492 1098 iſt
521 1041 608 1101 dies
660 1050 854 1110 gethan,
909 1060 944 1120 ſo

43 1105 215 1165 bleiben
242 1112 330 1172 nur
360 1114 413 1174 in
466 1116 487 1176 k
541 1123 674 1183 beſten
748 1134 881 1194 Falle
916 1148 1068 1208 etwa¬

52 1176 147 1236 Jor
167 1180 273 1240 Ml.
283 1185 442 1245 Damit
486 1195 594 1255 kann
619 1200 656 1260 ich
689 1204 784 1264 nicht
840 1209 910 1269 ins

73 1249 294 1309 Engedin
303 1259 460 1319 reiſen;
482 1268 529 1328 ich
547 1276 644 1336 hätte
676 1278 759 1338 auch
782 1282 906 1342 keine
925 1286 1008 1346 Luſt
