1208 1435
181 106 309 166 Was
332 114 448 174 macht
467 117 527 177 die
569 138 987 198 Rotheſtemgaſſe?

158 226 342 286 Bitte,
354 230 442 290 lies
511 241 829 301 Multatuli.

160 345 414 405 Richard
485 339 564 399 hat
591 341 658 401 ſich
698 343 755 403 in
796 341 871 401 der
898 344 991 404 That

81 425 188 485 nicht
214 429 329 489 dazu
401 431 789 491 aufſchwingen
828 431 1072 491 können,

75 505 195 565 mir
230 507 287 567 die
333 509 506 569 Geburt
559 509 725 569 ſeines
793 507 966 567 Sohnes

91 581 453 641 anzuzeigen.
487 584 549 644 Ich
570 587 665 647 habe
699 595 824 655 kein
853 598 1007 658 Worte

91 667 243 727 mehr
264 669 336 729 für
387 669 497 729 dieſes
548 669 810 729 Benehmen.
844 672 1030 732 Nichts¬

77 748 428 808 deſtoweniger
479 753 647 813 ſchicke
675 749 727 809 ich
771 745 862 805 ihm
898 748 957 808 die

82 837 414 897 nachfolgende
473 843 909 903 Zeitungsuotiz:

89 965 279 1025 Demane
291 967 368 1027 Aüter
380 969 545 1029 Feazktlrur
557 972 603 1032 Paal
620 977 728 1037 Klant

71 989 144 1049 Hane
174 989 270 1049 entmimmt
288 991 399 1051 de,Dteel
419 993 451 1053 de
482 995 565 1055 foloenee
585 998 708 1058 mentuuoige
726 1001 773 1061 duts

72 1013 135 1073 no.
159 1013 220 1073 »etter
241 1013 350 1073 Abonnent,
376 1015 415 1075 tie
435 1016 493 1076 baben
517 1021 563 1081 Dere
585 1023 645 1083 Dette
665 1027 786 1087 giaonne.

69 1037 139 1097 Punk
196 1039 259 1099 Mien
271 1040 341 1100 danur
350 1041 428 1101 inme
