3731 4566
425 550 697 610 iie
792 554 946 614 Du
1101 561 1314 621 Dich
1432 576 2143 636 befindeſt?

594 831 868 891 In
960 851 1308 911 Berlin
1381 856 1573 916 habe
1638 855 1728 915 ich
1893 850 2415 910 natürlich
2589 854 2828 914 den

298 1054 852 1114 »Grüren
1030 1050 1641 1110 Kakadu«
1697 1063 2230 1123 geſehen.
2307 1072 2453 1132 Ich
2552 1079 2885 1139 kann

300 1231 541 1291 Dir
678 1253 904 1313 nur
1025 1266 1299 1326 offen
1388 1270 1735 1330 ſagen
1945 1270 2154 1330 mit
2364 1271 2872 1331 jenem

371 1467 1143 1527 Freimruth,
1179 1474 1329 1534 der
1472 1467 1960 1527 zwiſchen
2110 1461 2315 1521 ins
2519 1462 2838 1522 Gebot

375 1670 615 1730 iſt.
746 1676 885 1736 Ich
996 1675 1219 1735 habe
1359 1669 1553 1729 das
1730 1662 2027 1722 Stück
2231 1660 2472 1720 nicht
2639 1672 2862 1732 ſehr

344 1880 753 1940 lieb.
850 1883 945 1943 Es
1011 1883 1145 1943 iſt
1259 1880 1441 1940 ein
1536 1871 2252 1931 glänzendes
2472 1867 2730 1927 und
2912 1874 3122 1934 ein

347 2083 1096 2143 geiſtreifes
1234 2083 1528 2143 Stück
1689 2086 1883 2146 das
1983 2089 2346 2149 ſeinen
2524 2090 2986 2150 großen

400 2306 832 2366 Erfolg
925 2307 1194 2367 wohl
1324 2317 1990 2377 verdient,
2025 2331 2259 2391 aber
2387 2342 2598 2402 mir
2761 2354 3042 2414 ſehlt

314 2524 799 2584 etwas
908 2547 1371 2607 darin,
1437 2549 1635 2609 und
1744 2549 1855 2609 ich
1932 2550 2130 2610 habe
2284 2557 2438 2617 die
2504 2592 3241 2652 Empfindung

284 2712 566 2772 daß
706 2736 837 2796 Du
965 2760 1364 2820 weit,
1413 2777 1683 2837 weit
1835 2790 2106 2850 höher
2259 2798 2553 2858 ſtehſt
2752 2801 2929 2861 als

343 2932 728 2992 dieſes
836 2964 1240 3024 Stück.
1309 2975 1526 3035 Und
1615 2983 1911 3043 dann
2009 2995 2344 3055 bleibe
2513 3013 2621 3073 ich
2719 3044 3163 3104 dabei.

303 3139 522 3199 die
626 3181 1367 3241 franzöſiſche
1513 3209 2191 3269 Keviolation
2306 3221 2451 3281 iſt
2659 3229 2942 3289 nicht

372 3375 565 3435 en
740 3402 1001 3462 dem
1112 3413 1438 3473 Stück
1613 3419 1742 3479 in
1831 3424 2027 3484 deo
2199 3453 2875 3513 Sinmang

334 3618 918 3678 ſondern
1021 3637 1147 3697 ſie
1289 3649 1558 3709 wird
1707 3655 1913 3715 mir
2024 3651 2110 3711 zu
2561 3658 2777 3718 Sehl

314 3810 569 3870 als
686 3859 1060 3919 Effekt
1178 3883 1375 3943 von
1521 3897 2180 3957 draußen,
2239 3905 2386 3965 als
2514 3929 3084 3989 Aktſchluß

455 4101 1425 4161 verwendet.
1551 4132 2088 4192 Seimir
2277 4144 2529 4204 wihl
2654 4142 2843 4202 bös
