1210 1434
59 186 199 246 auch
223 188 243 248 X
315 188 427 248 Deine
459 198 975 258 Weiterentwatelung

73 259 235 319 könnte
256 258 330 318 nur
350 258 509 318 günſtig
550 261 624 321 bei
715 271 1009 331 beeinflußt,

64 324 297 384 werden,
309 328 423 388 wenn
444 326 485 386 Du
521 325 576 385 die
620 330 750 390 eugen
791 338 995 398 Wiener

64 393 372 453 Verhältniſſe
394 397 615 457 verließeſt
642 398 718 458 und
755 396 801 456 in
831 395 908 455 die

70 471 240 531 geoße
265 468 378 528 Welt
418 460 744 520 hinauszögeſt.

159 546 263 606 die
290 542 484 602 Karte,
490 542 559 602 die
590 536 694 596 mir
752 534 818 594 dir
856 542 1049 602 ſandten

84 618 217 678 war
243 612 286 672 in
306 612 369 672 der
393 609 486 669 that
509 608 572 668 bei
595 604 702 664 Dr.
731 612 1030 672 Tudmann,

74 689 352 749 geſchlieben.

185 751 376 811 Weum
395 754 478 814 führ
511 750 572 810 er
598 754 921 814 Akadmuß¬

74 824 363 884 Literariſche
395 824 593 884 Verem,
609 818 676 878 der
712 817 783 877 ſich
815 818 866 878 in
890 824 1040 884 Wien

76 900 358 960 begründet
382 890 494 950 hat,
502 890 607 950 nicht
635 891 715 951 den
739 902 976 962 »Schein

67 960 153 1020 der
192 972 416 1032 Beâtrice«
438 962 571 1022 auf!

245 1067 358 1127 hoffe
390 1059 454 1119 im
495 1060 813 1120 Weihnachten
846 1077 1020 1137 mun¬

70 1124 214 1184 etwa
260 1129 303 1189 14
321 1132 426 1192 Tage
447 1134 493 1194 in
555 1136 788 1196 Frankfurt
822 1149 988 1209 bleben

93 1196 169 1256 zu
195 1202 389 1262 können
411 1208 470 1268 bis
497 1206 572 1266 zur
647 1216 1073 1276 Wiedereifeing

92 1278 179 1338 des
210 1289 468 1349 Reifstags
494 1296 551 1356 (s
586 1298 835 1358 Jänner.
857 1310 914 1370 Ich
940 1320 1014 1380 bin
