3785 5506
2105 715 2661 775 Florerz,
2720 718 2873 778 29.
2901 717 3479 777 Septeraber.

549 1323 904 1383 Mein
976 1335 1301 1395 lieber
1505 1334 2004 1394 Freund,

957 1722 1165 1782 Es
1248 1713 1644 1773 regnort
1725 1716 1819 1776 in
2028 1728 2622 1788 Florenz,
2670 1729 2879 1789 wie
3008 1719 3089 1779 in

531 1974 1292 2034 Viesbaden.
1330 1982 1499 2042 Auch
1550 1981 1783 2041 ſonſt
1860 1980 2195 2040 komaa
2298 1978 2415 2038 ich
2505 1979 2633 2039 aib
2776 1985 3278 2045 vorläufig

438 2184 751 2244 nicht
834 2188 1053 2248 recht
1115 2192 1125 2252 d
1386 2199 1552 2259 auf
1636 2205 1823 2265 den
1895 2212 2499 2272 Geſchmark.
2604 2209 2718 2269 Ich
2801 2202 3041 2262 hatte

470 2414 1085 2474 gerint,
1134 2418 1495 2478 nutten
1650 2418 1728 2478 in
1940 2416 2067 2476 die
2174 2413 3015 2473 Renaissauce-¬

471 2617 1174 2677 Stinuung
1262 2628 2357 2688 hineinzugerathen
2552 2616 2738 2676 und
2837 2601 3149 2661 finde

460 2810 508 2870 X
674 2827 879 2887 eine
1035 2842 1621 2902 itelieiſche
1737 2835 2528 2895 Provinpſtailt,
2597 2821 2684 2881 in
2782 2814 2929 2874 der
3026 2807 3173 2867 ſich

416 3052 700 3112 faſt
740 3068 964 3128 alles
1116 3076 1483 3136 Schöe
1574 3074 1676 3134 in
1788 3068 1970 3128 den
2134 3048 3059 3108 Sonuidungen

495 3291 1157 3351 befindrt.
1308 3284 1937 3344 Allerdings,
2046 3280 2189 3340 der
2315 3275 2767 3335 herrlich.
2860 3270 3003 3330 De

407 3509 909 3569 Doiu.
997 3520 1219 3580 Aber
1287 3521 1374 3581 ich
1431 3520 1644 3580 hatte
1712 3516 2293 3576 erwartet,
2342 3510 2515 3570 duf
2612 3510 2970 3570 jeden

425 3734 870 3794 Schritt
995 3729 1692 3789 alieriſches
1866 3718 2573 3778 Mittelalter
2748 3721 2854 3781 zu
3027 3734 3385 3794 finden

407 3942 623 4002 und
695 3948 863 4008 bin
959 3950 1126 4010 Ber
1255 3947 1614 4007 etwas
1758 3939 2421 3999 enttäuſcht.
2533 3939 2694 3999 Die
2757 3951 3389 4011 Pouuveun

393 4179 894 4239 ſreilich
957 4182 1194 4242 ſind
1367 4179 2407 4239 überwältigend.
2508 4182 3282 4242 Botticelli

419 4414 876 4474 Rafael
1013 4417 1673 4477 (jawwohl,
1747 4403 2438 4463 Rofael!).
2534 4398 2790 4458 Aber
2906 4401 3108 4461 als

452 4638 949 4698 Sälte
1035 4658 1370 4718 ſind,
1489 4658 1922 4718 ſoweit
2030 4652 2127 4712 ich
2224 4643 2613 4703 bisher
2733 4630 3316 4690 urtheilen

400 4879 858 4939 kan,
945 4896 1509 4956 Macland
1632 4890 2196 4950 Bologne
2266 4878 2504 4938 oder
2575 4871 2813 4931 gar

543 5106 1209 5166 Veredig
1331 5103 1523 5163 viel
1654 5096 2031 5156 ſchöner
