1141 1435
666 125 933 185 tssauenetensse
955 125 992 185 19.

508 203 511 263 9cht.
64 187 257 247 Berlin,
266 193 315 253 3.
336 205 496 265 Uepember

183 320 341 380 Mein
378 328 483 388 lieber
508 325 696 385 Freund,

72 401 178 461 das
198 415 400 475 Verhalten
423 419 477 479 des
513 419 818 479 Volkstheaters
862 421 921 481 iſt

72 475 322 535 ſklandalis
345 482 415 542 und
452 485 545 545 dein
569 488 672 548 Brief
705 483 732 543 iſ
762 478 886 538 unter
902 481 1019 541 dieſen

66 536 319 596 Umſtänden
334 542 406 602 nur
446 539 509 599 der
538 545 719 605 Ausdurk
780 543 1033 603 legitimer

75 602 380 662 Entrüſtung.
406 600 445 660 Ob
475 600 508 660 es
524 604 619 664 aber
646 605 750 665 klig
800 610 941 670 war,
954 610 1006 670 die

64 668 365 728 Liziehungen
401 672 512 732 ganz
530 674 806 734 abzulrechen,
831 674 939 734 kann
960 672 1003 732 ich

66 733 181 793 von
201 737 292 797 hier
349 737 534 797 ausnicht
562 740 841 800 beurtheilen.
855 744 979 804 Dazu

57 797 248 857 bedarf
270 798 312 858 ich
345 801 487 861 Deiner
513 798 753 858 mündlichen
775 806 1067 866 Aufkläungen

54 869 200 929 Hor
224 861 323 921 Bahr
354 867 473 927 ſcheint
488 862 528 922 da
579 863 745 923 wieder
769 866 856 926 eine
887 872 1010 932 feine

56 928 195 988 Rolle
210 928 381 988 geſpielt
405 927 447 987 zu
480 927 630 987 haben.
651 931 747 991 Wie
768 931 852 991 aber
873 938 999 998 wird

37 988 134 1048 die
163 992 349 1052 Zukunft
363 992 478 1052 ſein?
525 994 669 1054 Wenn
686 992 730 1052 Du
769 992 801 1052 in
845 995 986 1055 Wien

56 1055 180 1115 kein
211 1056 347 1116 Theater
369 1058 490 1118 mehr
515 1054 630 1114 haſt,
679 1050 797 1110 wirſt
831 1050 915 1110 Du,
927 1054 968 1114 ſo

63 1117 229 1177 danke
248 1118 294 1178 ich
322 1121 455 1181 mir,
467 1119 551 1179 nach
578 1117 708 1177 Berlin
761 1121 1042 1181 überſiedeln.

69 1184 215 1244 Hier
261 1189 392 1249 wirſt
428 1186 481 1246 Du
528 1180 574 1240 die
613 1178 795 1238 Stellung
820 1187 1001 1247 finden,

55 1254 133 1314 die
153 1254 263 1314 man
284 1256 352 1316 Dir
397 1255 444 1315 in
471 1248 610 1308 Wien
666 1257 892 1317 verſagt.
946 1267 1035 1327 Und
