3994 5875
397 840 1345 900 Empfinden
1458 838 2746 898 hineinverſetzen
2836 844 3412 904 können

355 1053 668 1113 wie
775 1066 872 1126 pr
1220 1065 1365 1125 in
1485 1051 1979 1111 dieſem
2111 1031 2604 1091 Falle,
2725 1030 3013 1090 und
3170 1049 3337 1109 ich

361 1282 1016 1342 meine,
1066 1278 1551 1338 wenn
1782 1270 1965 1330 ich
2085 1268 2318 1328 bei
2489 1268 2732 1328 der
2953 1283 3407 1343 wäre

392 1494 1102 1554 könnte
1194 1486 1308 1546 ich
1441 1479 1657 1539 Dirs
1894 1471 1925 1531 a
2235 1471 2955 1531 Manches

388 1697 1090 1757 Tröſtliche
1316 1693 1860 1753 ſagen.
2005 1683 2231 1743 Daß
2376 1680 2562 1740 Du
2801 1684 3172 1744 nicht

421 1918 854 1978 nach
936 1913 1710 1973 Frankfurt
1906 1904 2597 1964 kommen
2772 1911 3298 1971 magſt

2039 2012 2589 2072 ſchmerzliche

437 2121 1066 2181 bringt
1190 2128 1462 2188 nur
1672 2128 2005 2188 eine
2103 2140 3498 2200 X(Enttäuſcher

408 2348 660 2408 Ich
751 2352 1127 2412 erführ
1242 2349 1505 2409 heut
1677 2339 2420 2399 Morgen,
2454 2334 2683 2394 daß
2865 2330 3003 2390 ich

543 2597 931 2657 Ende
1025 2578 1367 2638 dieſer
1519 2566 1967 2626 Woche
2227 2560 2520 2620 nach
2662 2556 3144 2616 Berlin

494 2791 1028 2851 gehen
1140 2791 1473 2851 ſoll,
1573 2781 1816 2841 und
1916 2767 2311 2827 dachte
2422 2754 3007 2814 einen

2435 2976 2797 3036 dirs
2926 2981 3043 3041 zu
442 3003 1415 3063 Augenblik
1647 2984 2250 3044 daran,

2287 3058 2533 3118 Dich

516 3218 1751 3278 telegraphiren
1919 3198 2223 3258 und
2306 3194 2547 3254 zu
2714 3199 3249 3259 bitten

393 3456 682 3516 daß
881 3435 1089 3495 daß
1229 3426 1379 3486 Du
1547 3421 1806 3481 auch
1926 3422 2283 3482 dort
2423 3435 3418 3495 erwärteſte.

469 3659 883 3719 Aber
1028 3650 1366 3710 Xen
1444 3644 1622 3704 als
1713 3640 1836 3700 ich
1925 3636 2452 3696 Deinen
2632 3632 3057 3692 Brief

454 3874 1097 3934 bekam
1273 3871 1916 3931 entſchloß
2119 3857 2258 3917 ich
2409 3852 2837 3912 mich,
2889 3861 3305 3921 lieber

1342 4082 2655 4142 telegraphiren;
2742 4084 2842 4144 es
2942 4097 3416 4157 wäre
438 4098 792 4158 nicht
955 4110 1059 4170 zu

446 4323 678 4383 ha
827 4314 1121 4374 auch
1209 4299 1860 4359 ohnedies
2045 4288 2622 4348 miutzlos
2720 4303 3507 4363 geweſen.

1008 4523 1552 4583 Wenn
1701 4510 1840 4570 Du
1967 4510 2257 4570 jetzt
2383 4521 3008 4581 wieder

369 4742 617 4802 in
701 4722 1093 4782 Wien
1152 4720 1378 4780 beſt
1508 4729 1877 4789 biſt,
1971 4736 2054 4796 ſo
2150 4738 2530 4798 quale
2648 4721 2909 4781 Dich

399 4967 1434 5027 wenigſtens
1572 4949 1898 5009 nicht
2068 4942 2681 5002 ſelbſt,
2839 4944 3156 5004 wie

472 5158 717 5218 Du
852 5159 962 5219 es
1056 5162 1452 5222 bisher
1601 5164 2091 5224 gethan
2242 5166 2610 5226 haſt.
2759 5161 3427 5221 Beſonders
