<?xml version="1.0" encoding="UTF-8" standalone="yes"?>
<PcGts xmlns="http://schema.primaresearch.org/PAGE/gts/pagecontent/2013-07-15" xmlns:xsi="http://www.w3.org/2001/XMLSchema-instance" xsi:schemaLocation="http://schema.primaresearch.org/PAGE/gts/pagecontent/2013-07-15 http://schema.primaresearch.org/PAGE/gts/pagecontent/2013-07-15/pagecontent.xsd">
    <Metadata>
        <Creator>prov=READ-COOP:name=PyLaia@TranskribusPlatform:version=0.8.6:model_id=45551:lm=none:date=19_12_2022_15:46</Creator>
        <Created>2022-03-31T12:08:04.853+02:00</Created>
        <LastChange>2023-01-09T09:52:49.810+01:00</LastChange>
        <TranskribusMetadata docId="958781" pageId="37204468" pageNr="73" tsid="108742046" status="IN_PROGRESS" userId="64420" imgUrl="https://files.transkribus.eu/Get?id=ELNNSVSJBUOAUKNNZZNEVRBO&amp;fileType=view" xmlUrl="https://files.transkribus.eu/Get?id=VIFDGQPTBPFCJSVSJQFHDBQP" imageId="30004640"/>
    </Metadata>
    <Page imageFilename="DLA_69_00085 HS.NZ85.1.3169_0054-1.jpg" imageWidth="3707" imageHeight="4546">
        <ReadingOrder>
            <OrderedGroup id="ro_1673273735559" caption="Regions reading order">
                <RegionRefIndexed index="0" regionRef="r2"/>
            </OrderedGroup>
        </ReadingOrder>
        <TextRegion orientation="0.0" id="r2" custom="readingOrder {index:0;}">
            <Coords points="383,417 383,4161 3423,4161 3423,417"/>
            <TextLine id="r2l1" custom="readingOrder {index:0;} dateline {offset:0; length:24;} opener {offset:0; length:24; continued:true;} place {offset:0; length:9;} letter-begin {offset:0; length:0;} date {offset:11; length:12;}">
                <Coords points="1196,628 1342,583 1519,642 1864,592 1929,656 2196,584 2538,655 2723,578 2819,613 2830,320 2414,501 2308,454 1926,487 1213,324"/>
                <Baseline points="1224,497 1302,500 1381,504 1460,509 1539,514 1618,520 1697,525 1775,531 1854,537 1933,542 2012,548 2091,552 2170,558 2249,561 2327,566 2406,569 2485,570 2564,570 2576,574 2655,574 2801,567"/>
                <Word id="r2l1_w1" custom="readingOrder {index:0;}">
                    <Coords points="1213,475 1213,535 1904,535 1904,475"/>
                    <TextEquiv>
                        <Unicode>Feuthurt,</Unicode>
                    </TextEquiv>
                </Word>
                <Word id="r2l1_w2" custom="readingOrder {index:1;}">
                    <Coords points="1931,505 1931,565 2028,565 2028,505"/>
                    <TextEquiv>
                        <Unicode>2.</Unicode>
                    </TextEquiv>
                </Word>
                <Word id="r2l1_w3" custom="readingOrder {index:2;}">
                    <Coords points="2124,524 2124,584 2484,584 2484,524"/>
                    <TextEquiv>
                        <Unicode>Nortere</Unicode>
                    </TextEquiv>
                </Word>
                <TextEquiv>
                    <Unicode>Frankfurt, 12. November.</Unicode>
                </TextEquiv>
            </TextLine>
            <TextLine id="r2l2" custom="readingOrder {index:1;} salute {offset:0; length:19;} opener {offset:0; length:19; continued:true;}">
                <Coords points="512,881 746,840 965,923 1432,893 1572,868 1576,755 1514,795 1194,705 880,758 728,716 636,754 518,709"/>
                <Baseline points="534,807 585,814 636,820 687,827 738,833 789,837 840,842 891,845 942,849 993,851 1044,853 1095,854 1146,855 1197,855 1248,854 1299,854 1350,852 1401,851 1452,848 1550,876 1601,873"/>
                <Word id="r2l2_w1" custom="readingOrder {index:0;}">
                    <Coords points="517,784 517,844 822,844 822,784"/>
                    <TextEquiv>
                        <Unicode>vein</Unicode>
                    </TextEquiv>
                </Word>
                <Word id="r2l2_w2" custom="readingOrder {index:1;}">
                    <Coords points="918,812 918,872 1160,872 1160,812"/>
                    <TextEquiv>
                        <Unicode>eieeer</Unicode>
                    </TextEquiv>
                </Word>
                <Word id="r2l2_w3" custom="readingOrder {index:2;}">
                    <Coords points="1215,811 1215,871 1513,871 1513,811"/>
                    <TextEquiv>
                        <Unicode>Preund</Unicode>
                    </TextEquiv>
                </Word>
                <TextEquiv>
                    <Unicode>Mein lieber Freund,</Unicode>
                </TextEquiv>
            </TextLine>
            <TextLine id="r2l3" custom="readingOrder {index:2;} structure {type:paragraph;} person {offset:32; length:5;}">
                <Coords points="443,1037 1576,1202 1813,1110 3266,1153 3166,1021 727,1007 449,909"/>
                <Baseline points="461,1025 600,1035 739,1043 879,1052 1018,1060 1157,1068 1297,1075 1436,1082 1575,1089 1715,1094 1854,1100 1993,1106 2133,1110 2272,1115 2411,1119 2551,1122 2690,1126 2829,1130 2969,1133 3108,1136 3248,1139"/>
                <Word id="r2l3_w1" custom="readingOrder {index:0;}">
                    <Coords points="450,992 450,1052 677,1052 677,992"/>
                    <TextEquiv>
                        <Unicode>Seit</Unicode>
                    </TextEquiv>
                </Word>
                <Word id="r2l3_w2" custom="readingOrder {index:1;}">
                    <Coords points="808,1013 808,1073 1001,1073 1001,1013"/>
                    <TextEquiv>
                        <Unicode>zwei</Unicode>
                    </TextEquiv>
                </Word>
                <Word id="r2l3_w3" custom="readingOrder {index:2;}">
                    <Coords points="1054,1029 1054,1089 1317,1089 1317,1029"/>
                    <TextEquiv>
                        <Unicode>Wochen</Unicode>
                    </TextEquiv>
                </Word>
                <Word id="r2l3_w4" custom="readingOrder {index:3;}">
                    <Coords points="1422,1044 1422,1104 1561,1104 1561,1044"/>
                    <TextEquiv>
                        <Unicode>auß</Unicode>
                    </TextEquiv>
                </Word>
                <Word id="r2l3_w5" custom="readingOrder {index:4;}">
                    <Coords points="1676,1053 1676,1113 1746,1113 1746,1053"/>
                    <TextEquiv>
                        <Unicode>ih</Unicode>
                    </TextEquiv>
                </Word>
                <Word id="r2l3_w6" custom="readingOrder {index:5;}">
                    <Coords points="1851,1066 1851,1126 2157,1126 2157,1066"/>
                    <TextEquiv>
                        <Unicode>veiurs</Unicode>
                    </TextEquiv>
                </Word>
                <Word id="r2l3_w7" custom="readingOrder {index:6;}">
                    <Coords points="2271,1078 2271,1138 2508,1138 2508,1078"/>
                    <TextEquiv>
                        <Unicode>Onkel</Unicode>
                    </TextEquiv>
                </Word>
                <Word id="r2l3_w8" custom="readingOrder {index:7;}">
                    <Coords points="2630,1089 2630,1149 3024,1149 3024,1089"/>
                    <TextEquiv>
                        <Unicode>vertreter</Unicode>
                    </TextEquiv>
                </Word>
                <Word id="r2l3_w9" custom="readingOrder {index:8;}">
                    <Coords points="3120,1097 3120,1157 3242,1157 3242,1097"/>
                    <TextEquiv>
                        <Unicode>u.</Unicode>
                    </TextEquiv>
                </Word>
                <TextEquiv>
                    <Unicode>Seit zwei Wochen muß ich meinen Onkel vertreten u.</Unicode>
                </TextEquiv>
            </TextLine>
            <TextLine id="r2l4" custom="readingOrder {index:3;} work {offset:16; length:10;} unclear {offset:45; length:1;} textStyle {offset:45; length:1;strikethrough:true;}">
                <Coords points="461,1296 1589,1270 2293,1392 2697,1281 3315,1390 3319,1195 3222,1170 2454,1253 466,1108"/>
                <Baseline points="482,1238 622,1239 763,1241 904,1245 1045,1248 1186,1253 1327,1257 1468,1262 1609,1267 1750,1271 1891,1277 2031,1281 2172,1285 2313,1289 2454,1292 2595,1293 2736,1295 2877,1295 3018,1293 3159,1292 3300,1287"/>
                <Word id="r2l4_w1" custom="readingOrder {index:0;}">
                    <Coords points="466,1198 466,1258 706,1258 706,1198"/>
                    <TextEquiv>
                        <Unicode>habe</Unicode>
                    </TextEquiv>
                </Word>
                <Word id="r2l4_w2" custom="readingOrder {index:1;}">
                    <Coords points="753,1204 753,1264 1001,1264 1001,1204"/>
                    <TextEquiv>
                        <Unicode>allein</Unicode>
                    </TextEquiv>
                </Word>
                <Word id="r2l4_w3" custom="readingOrder {index:2;}">
                    <Coords points="1081,1211 1081,1271 1210,1271 1210,1211"/>
                    <TextEquiv>
                        <Unicode>das</Unicode>
                    </TextEquiv>
                </Word>
                <Word id="r2l4_w4" custom="readingOrder {index:3;}">
                    <Coords points="1297,1224 1297,1284 1761,1284 1761,1224"/>
                    <TextEquiv>
                        <Unicode>Frülleton</Unicode>
                    </TextEquiv>
                </Word>
                <Word id="r2l4_w5" custom="readingOrder {index:4;}">
                    <Coords points="1961,1239 1961,1299 2024,1299 2024,1239"/>
                    <TextEquiv>
                        <Unicode>zu</Unicode>
                    </TextEquiv>
                </Word>
                <Word id="r2l4_w6" custom="readingOrder {index:5;}">
                    <Coords points="2161,1251 2161,1311 2656,1311 2656,1251"/>
                    <TextEquiv>
                        <Unicode>reilgerer,</Unicode>
                    </TextEquiv>
                </Word>
                <Word id="r2l4_w7" custom="readingOrder {index:6;}">
                    <Coords points="2713,1255 2713,1315 2896,1315 2896,1255"/>
                    <TextEquiv>
                        <Unicode>was</Unicode>
                    </TextEquiv>
                </Word>
                <Word id="r2l4_w8" custom="readingOrder {index:7;}">
                    <Coords points="3009,1252 3009,1312 3184,1312 3184,1252"/>
                    <TextEquiv>
                        <Unicode>be</Unicode>
                    </TextEquiv>
                </Word>
                <TextEquiv>
                    <Unicode>habe allein das Feuilleton zu redigiren, was b bei</Unicode>
                </TextEquiv>
            </TextLine>
            <TextLine id="r2l5" custom="readingOrder {index:4;} work {offset:8; length:6;}">
                <Coords points="409,1467 3440,1524 3443,1423 2829,1351 2563,1437 415,1291"/>
                <Baseline points="429,1401 578,1412 728,1422 878,1430 1027,1438 1177,1445 1327,1451 1476,1458 1626,1463 1776,1468 1926,1472 2075,1476 2225,1481 2375,1484 2524,1487 2674,1490 2824,1491 2973,1494 3123,1496 3273,1499 3423,1500"/>
                <Word id="r2l5_w1" custom="readingOrder {index:0;}">
                    <Coords points="416,1375 416,1435 830,1435 830,1375"/>
                    <TextEquiv>
                        <Unicode>öüſeren</Unicode>
                    </TextEquiv>
                </Word>
                <Word id="r2l5_w2" custom="readingOrder {index:1;}">
                    <Coords points="891,1396 891,1456 1108,1456 1108,1396"/>
                    <TextEquiv>
                        <Unicode>Blotte</Unicode>
                    </TextEquiv>
                </Word>
                <Word id="r2l5_w3" custom="readingOrder {index:2;}">
                    <Coords points="1211,1409 1211,1469 1384,1469 1384,1409"/>
                    <TextEquiv>
                        <Unicode>einn</Unicode>
                    </TextEquiv>
                </Word>
                <Word id="r2l5_w4" custom="readingOrder {index:3;}">
                    <Coords points="1427,1423 1427,1483 1860,1483 1860,1423"/>
                    <TextEquiv>
                        <Unicode>ungeheue</Unicode>
                    </TextEquiv>
                </Word>
                <Word id="r2l5_w5" custom="readingOrder {index:4;}">
                    <Coords points="1981,1437 1981,1497 2258,1497 2258,1437"/>
                    <TextEquiv>
                        <Unicode>Arbeit</Unicode>
                    </TextEquiv>
                </Word>
                <Word id="r2l5_w6" custom="readingOrder {index:5;}">
                    <Coords points="2310,1443 2310,1503 2405,1503 2405,1443"/>
                    <TextEquiv>
                        <Unicode>iſt</Unicode>
                    </TextEquiv>
                </Word>
                <Word id="r2l5_w7" custom="readingOrder {index:6;}">
                    <Coords points="2517,1449 2517,1509 2804,1509 2804,1449"/>
                    <TextEquiv>
                        <Unicode>welhe</Unicode>
                    </TextEquiv>
                </Word>
                <Word id="r2l5_w8" custom="readingOrder {index:7;}">
                    <Coords points="2847,1452 2847,1512 2967,1512 2967,1452"/>
                    <TextEquiv>
                        <Unicode>der</Unicode>
                    </TextEquiv>
                </Word>
                <Word id="r2l5_w9" custom="readingOrder {index:8;}">
                    <Coords points="3029,1457 3029,1517 3383,1517 3383,1457"/>
                    <TextEquiv>
                        <Unicode>garzen</Unicode>
                    </TextEquiv>
                </Word>
                <TextEquiv>
                    <Unicode>unſerem Blatte eine ungeheure Arbeit iſt, welche den ganzen</Unicode>
                </TextEquiv>
            </TextLine>
            <TextLine id="r2l6" custom="readingOrder {index:5;}">
                <Coords points="419,1621 2953,1791 3304,1661 2531,1537 1750,1613 999,1572 734,1445 423,1505"/>
                <Baseline points="440,1580 582,1590 724,1601 866,1610 1008,1617 1151,1626 1293,1632 1435,1638 1577,1643 1719,1649 1862,1654 2004,1658 2146,1663 2288,1667 2430,1671 2573,1675 2715,1680 2857,1685 2999,1689 3141,1694 3284,1700"/>
                <Word id="r2l6_w1" custom="readingOrder {index:0;}">
                    <Coords points="427,1546 427,1606 631,1606 631,1546"/>
                    <TextEquiv>
                        <Unicode>Tag</Unicode>
                    </TextEquiv>
                </Word>
                <Word id="r2l6_w2" custom="readingOrder {index:1;}">
                    <Coords points="705,1564 705,1624 854,1624 854,1564"/>
                    <TextEquiv>
                        <Unicode>und</Unicode>
                    </TextEquiv>
                </Word>
                <Word id="r2l6_w3" custom="readingOrder {index:2;}">
                    <Coords points="965,1580 965,1640 1169,1640 1169,1580"/>
                    <TextEquiv>
                        <Unicode>einen</Unicode>
                    </TextEquiv>
                </Word>
                <Word id="r2l6_w4" custom="readingOrder {index:3;}">
                    <Coords points="1281,1595 1281,1655 1457,1655 1457,1595"/>
                    <TextEquiv>
                        <Unicode>theil</Unicode>
                    </TextEquiv>
                </Word>
                <Word id="r2l6_w5" custom="readingOrder {index:4;}">
                    <Coords points="1559,1604 1559,1664 1680,1664 1680,1604"/>
                    <TextEquiv>
                        <Unicode>der</Unicode>
                    </TextEquiv>
                </Word>
                <Word id="r2l6_w6" custom="readingOrder {index:5;}">
                    <Coords points="1837,1616 1837,1676 2070,1676 2070,1616"/>
                    <TextEquiv>
                        <Unicode>Nagt</Unicode>
                    </TextEquiv>
                </Word>
                <Word id="r2l6_w7" custom="readingOrder {index:6;}">
                    <Coords points="2134,1629 2134,1689 2589,1689 2589,1629"/>
                    <TextEquiv>
                        <Unicode>aushällt.</Unicode>
                    </TextEquiv>
                </Word>
                <Word id="r2l6_w8" custom="readingOrder {index:7;}">
                    <Coords points="2626,1641 2626,1701 2905,1701 2905,1641"/>
                    <TextEquiv>
                        <Unicode>Keun</Unicode>
                    </TextEquiv>
                </Word>
                <Word id="r2l6_w9" custom="readingOrder {index:8;}">
                    <Coords points="2997,1652 2997,1712 3202,1712 3202,1652"/>
                    <TextEquiv>
                        <Unicode>freu</Unicode>
                    </TextEquiv>
                </Word>
                <TextEquiv>
                    <Unicode>Tag und einen Theil der Nacht ausfüllt. Keine freie</Unicode>
                </TextEquiv>
            </TextLine>
            <TextLine id="r2l7" custom="readingOrder {index:6;}">
                <Coords points="384,1824 644,1912 842,1824 1095,1915 1532,1862 1803,1972 2869,1894 3218,2045 3415,1980 3422,1773 1666,1814 388,1696"/>
                <Baseline points="402,1808 551,1813 701,1818 851,1824 1001,1830 1151,1835 1301,1841 1450,1846 1600,1851 1750,1857 1900,1862 2050,1867 2200,1872 2350,1877 2499,1881 2649,1885 2799,1889 2949,1893 3099,1897 3249,1901 3399,1904"/>
                <Word id="r2l7_w1" custom="readingOrder {index:0;}">
                    <Coords points="393,1779 393,1839 1072,1839 1072,1779"/>
                    <TextEquiv>
                        <Unicode>Viertelſturde</Unicode>
                    </TextEquiv>
                </Word>
                <Word id="r2l7_w2" custom="readingOrder {index:1;}">
                    <Coords points="1140,1798 1140,1858 1322,1858 1322,1798"/>
                    <TextEquiv>
                        <Unicode>alſo.</Unicode>
                    </TextEquiv>
                </Word>
                <Word id="r2l7_w3" custom="readingOrder {index:2;}">
                    <Coords points="1380,1809 1380,1869 1743,1869 1743,1809"/>
                    <TextEquiv>
                        <Unicode>Seitderm</Unicode>
                    </TextEquiv>
                </Word>
                <Word id="r2l7_w4" custom="readingOrder {index:3;}">
                    <Coords points="1840,1821 1840,1881 1916,1881 1916,1821"/>
                    <TextEquiv>
                        <Unicode>ich</Unicode>
                    </TextEquiv>
                </Word>
                <Word id="r2l7_w5" custom="readingOrder {index:4;}">
                    <Coords points="2002,1830 2002,1890 2281,1890 2281,1830"/>
                    <TextEquiv>
                        <Unicode>Deinen</Unicode>
                    </TextEquiv>
                </Word>
                <Word id="r2l7_w6" custom="readingOrder {index:5;}">
                    <Coords points="2395,1842 2395,1902 2692,1902 2692,1842"/>
                    <TextEquiv>
                        <Unicode>letzten</Unicode>
                    </TextEquiv>
                </Word>
                <Word id="r2l7_w7" custom="readingOrder {index:6;}">
                    <Coords points="2770,1851 2770,1911 3029,1911 3029,1851"/>
                    <TextEquiv>
                        <Unicode>leben</Unicode>
                    </TextEquiv>
                </Word>
                <Word id="r2l7_w8" custom="readingOrder {index:7;}">
                    <Coords points="3105,1859 3105,1919 3297,1919 3297,1859"/>
                    <TextEquiv>
                        <Unicode>Bief</Unicode>
                    </TextEquiv>
                </Word>
                <TextEquiv>
                    <Unicode>Viertelſtunde alſo. Seitdem ich Deinen letzten leben Brief</Unicode>
                </TextEquiv>
            </TextLine>
            <TextLine id="r2l8" custom="readingOrder {index:7;}">
                <Coords points="413,2082 795,2013 1155,2158 1297,2045 1599,2155 2461,2084 2729,2182 2897,2074 3423,2103 2477,1927 1862,2016 418,1916"/>
                <Baseline points="434,2007 582,2013 731,2019 879,2025 1028,2030 1176,2036 1325,2042 1473,2046 1622,2051 1770,2055 1919,2060 2068,2063 2216,2067 2365,2070 2513,2073 2662,2076 2810,2079 2959,2081 3107,2084 3292,2106 3441,2108"/>
                <Word id="r2l8_w1" custom="readingOrder {index:0;}">
                    <Coords points="422,1973 422,2033 763,2033 763,1973"/>
                    <TextEquiv>
                        <Unicode>thielt</Unicode>
                    </TextEquiv>
                </Word>
                <Word id="r2l8_w2" custom="readingOrder {index:1;}">
                    <Coords points="881,1988 881,2048 1086,2048 1086,1988"/>
                    <TextEquiv>
                        <Unicode>will</Unicode>
                    </TextEquiv>
                </Word>
                <Word id="r2l8_w3" custom="readingOrder {index:2;}">
                    <Coords points="1204,1998 1204,2058 1292,2058 1292,1998"/>
                    <TextEquiv>
                        <Unicode>ich</Unicode>
                    </TextEquiv>
                </Word>
                <Word id="r2l8_w4" custom="readingOrder {index:3;}">
                    <Coords points="1409,2006 1409,2066 1556,2066 1556,2006"/>
                    <TextEquiv>
                        <Unicode>Dir</Unicode>
                    </TextEquiv>
                </Word>
                <Word id="r2l8_w5" custom="readingOrder {index:4;}">
                    <Coords points="1683,2018 1683,2078 2045,2078 2045,2018"/>
                    <TextEquiv>
                        <Unicode>ſchreiben</Unicode>
                    </TextEquiv>
                </Word>
                <Word id="r2l8_w6" custom="readingOrder {index:5;}">
                    <Coords points="2103,2026 2103,2086 2259,2086 2259,2026"/>
                    <TextEquiv>
                        <Unicode>und</Unicode>
                    </TextEquiv>
                </Word>
                <Word id="r2l8_w7" custom="readingOrder {index:6;}">
                    <Coords points="2377,2032 2377,2092 2601,2092 2601,2032"/>
                    <TextEquiv>
                        <Unicode>beide</Unicode>
                    </TextEquiv>
                </Word>
                <Word id="r2l8_w8" custom="readingOrder {index:7;}">
                    <Coords points="2700,2038 2700,2098 2846,2098 2846,2038"/>
                    <TextEquiv>
                        <Unicode>ſehr</Unicode>
                    </TextEquiv>
                </Word>
                <Word id="r2l8_w9" custom="readingOrder {index:8;}">
                    <Coords points="2934,2044 2934,2104 3364,2104 3364,2044"/>
                    <TextEquiv>
                        <Unicode>darunter</Unicode>
                    </TextEquiv>
                </Word>
                <TextEquiv>
                    <Unicode>erhielt, will ich Dir ſchreiben und leide ſehr darunter,</Unicode>
                </TextEquiv>
            </TextLine>
            <TextLine id="r2l9" custom="readingOrder {index:8;} date {offset:23; length:4;}">
                <Coords points="374,2262 608,2351 1764,2280 2332,2398 2737,2278 3117,2383 3416,2316 3420,2200 378,2119"/>
                <Baseline points="395,2198 545,2205 695,2213 845,2220 995,2226 1146,2232 1296,2237 1446,2243 1596,2247 1746,2252 1897,2256 2047,2259 2197,2264 2347,2267 2497,2271 2648,2274 2798,2277 2948,2280 3098,2283 3248,2286 3399,2288"/>
                <Word id="r2l9_w1" custom="readingOrder {index:0;}">
                    <Coords points="385,2162 385,2222 586,2222 586,2162"/>
                    <TextEquiv>
                        <Unicode>daß</Unicode>
                    </TextEquiv>
                </Word>
                <Word id="r2l9_w2" custom="readingOrder {index:1;}">
                    <Coords points="671,2173 671,2233 747,2233 747,2173"/>
                    <TextEquiv>
                        <Unicode>ich</Unicode>
                    </TextEquiv>
                </Word>
                <Word id="r2l9_w3" custom="readingOrder {index:2;}">
                    <Coords points="800,2179 800,2239 863,2239 863,2179"/>
                    <TextEquiv>
                        <Unicode>es</Unicode>
                    </TextEquiv>
                </Word>
                <Word id="r2l9_w4" custom="readingOrder {index:3;}">
                    <Coords points="969,2188 969,2248 1130,2248 1130,2188"/>
                    <TextEquiv>
                        <Unicode>richt</Unicode>
                    </TextEquiv>
                </Word>
                <Word id="r2l9_w5" custom="readingOrder {index:4;}">
                    <Coords points="1225,2199 1225,2259 1513,2259 1513,2199"/>
                    <TextEquiv>
                        <Unicode>kaur.</Unicode>
                    </TextEquiv>
                </Word>
                <Word id="r2l9_w6" custom="readingOrder {index:5;}">
                    <Coords points="1619,2211 1619,2271 1822,2271 1822,2211"/>
                    <TextEquiv>
                        <Unicode>Heut</Unicode>
                    </TextEquiv>
                </Word>
                <Word id="r2l9_w7" custom="readingOrder {index:6;}">
                    <Coords points="1928,2218 1928,2278 2109,2278 2109,2218"/>
                    <TextEquiv>
                        <Unicode>gibt</Unicode>
                    </TextEquiv>
                </Word>
                <Word id="r2l9_w8" custom="readingOrder {index:7;}">
                    <Coords points="2183,2226 2183,2286 2461,2286 2461,2226"/>
                    <TextEquiv>
                        <Unicode>ernlich</Unicode>
                    </TextEquiv>
                </Word>
                <Word id="r2l9_w9" custom="readingOrder {index:8;}">
                    <Coords points="2503,2232 2503,2292 2630,2292 2630,2232"/>
                    <TextEquiv>
                        <Unicode>der</Unicode>
                    </TextEquiv>
                </Word>
                <Word id="r2l9_w10" custom="readingOrder {index:9;}">
                    <Coords points="2759,2240 2759,2300 3163,2300 3163,2240"/>
                    <TextEquiv>
                        <Unicode>Catag</Unicode>
                    </TextEquiv>
                </Word>
                <Word id="r2l9_w11" custom="readingOrder {index:10;}">
                    <Coords points="3248,2246 3248,2306 3343,2306 3343,2246"/>
                    <TextEquiv>
                        <Unicode>Du</Unicode>
                    </TextEquiv>
                </Word>
                <TextEquiv>
                    <Unicode>daß ich es nicht kann. Heut gibt endlich der Sonntag die</Unicode>
                </TextEquiv>
            </TextLine>
            <TextLine id="r2l10" custom="readingOrder {index:9;}">
                <Coords points="368,2485 670,2567 1195,2456 1696,2566 2353,2462 2631,2615 3343,2516 3345,2426 3125,2375 2590,2441 1879,2326 372,2320"/>
                <Baseline points="389,2426 535,2429 682,2432 829,2435 976,2438 1123,2441 1270,2443 1416,2446 1563,2448 1710,2451 1857,2456 2004,2459 2151,2462 2298,2465 2444,2469 2591,2474 2738,2478 2885,2484 3032,2489 3179,2496 3326,2502"/>
                <Word id="r2l10_w1" custom="readingOrder {index:0;}">
                    <Coords points="380,2392 380,2452 1023,2452 1023,2392"/>
                    <TextEquiv>
                        <Unicode>Nöglichkeit</Unicode>
                    </TextEquiv>
                </Word>
                <Word id="r2l10_w2" custom="readingOrder {index:1;}">
                    <Coords points="1137,2402 1137,2462 1310,2462 1310,2402"/>
                    <TextEquiv>
                        <Unicode>zur</Unicode>
                    </TextEquiv>
                </Word>
                <Word id="r2l10_w3" custom="readingOrder {index:2;}">
                    <Coords points="1460,2413 1460,2473 2091,2473 2091,2413"/>
                    <TextEquiv>
                        <Unicode>Ausföhrung</Unicode>
                    </TextEquiv>
                </Word>
                <Word id="r2l10_w4" custom="readingOrder {index:3;}">
                    <Coords points="2183,2424 2183,2484 2332,2484 2332,2424"/>
                    <TextEquiv>
                        <Unicode>des</Unicode>
                    </TextEquiv>
                </Word>
                <Word id="r2l10_w5" custom="readingOrder {index:4;}">
                    <Coords points="2401,2431 2401,2491 2642,2491 2642,2431"/>
                    <TextEquiv>
                        <Unicode>lang</Unicode>
                    </TextEquiv>
                </Word>
                <Word id="r2l10_w6" custom="readingOrder {index:5;}">
                    <Coords points="2734,2447 2734,2507 3250,2507 3250,2447"/>
                    <TextEquiv>
                        <Unicode>gehegten</Unicode>
                    </TextEquiv>
                </Word>
                <TextEquiv>
                    <Unicode>Möglichkeit zur Ausführung des lang gehegten</Unicode>
                </TextEquiv>
            </TextLine>
            <TextLine id="r2l11" custom="readingOrder {index:10;}">
                <Coords points="373,2684 418,2693 460,2676 542,2710 595,2689 658,2722 807,2656 867,2651 871,2565 789,2547 758,2568 694,2565 671,2587 630,2559 554,2586 437,2517 380,2530"/>
                <Baseline points="395,2642 420,2642 445,2643 470,2643 495,2646 520,2648 546,2650 571,2652 596,2654 621,2656 646,2658 671,2660 697,2660 722,2661 747,2661 772,2660 797,2657 822,2653 848,2649"/>
                <Word id="r2l11_w1" custom="readingOrder {index:0;}">
                    <Coords points="377,2613 377,2673 804,2673 804,2613"/>
                    <TextEquiv>
                        <Unicode>Vorſatzes</Unicode>
                    </TextEquiv>
                </Word>
                <TextEquiv>
                    <Unicode>Vorſatzes.</Unicode>
                </TextEquiv>
            </TextLine>
            <TextLine id="r2l12" custom="readingOrder {index:11;} structure {type:paragraph;}">
                <Coords points="583,2816 1394,2946 2166,2897 2321,2982 2573,2881 2885,2994 3277,2842 586,2723"/>
                <Baseline points="603,2804 735,2812 868,2819 1000,2826 1133,2832 1266,2838 1398,2844 1531,2850 1663,2856 1796,2861 1929,2866 2061,2870 2194,2874 2326,2879 2459,2882 2592,2885 2724,2888 2857,2889 2989,2892 3122,2894 3255,2894"/>
                <Word id="r2l12_w1" custom="readingOrder {index:0;}">
                    <Coords points="592,2770 592,2830 841,2830 841,2770"/>
                    <TextEquiv>
                        <Unicode>Auf</Unicode>
                    </TextEquiv>
                </Word>
                <Word id="r2l12_w2" custom="readingOrder {index:1;}">
                    <Coords points="927,2790 927,2850 1291,2850 1291,2790"/>
                    <TextEquiv>
                        <Unicode>Deinen</Unicode>
                    </TextEquiv>
                </Word>
                <Word id="r2l12_w3" custom="readingOrder {index:2;}">
                    <Coords points="1378,2810 1378,2870 1723,2870 1723,2810"/>
                    <TextEquiv>
                        <Unicode>letzten</Unicode>
                    </TextEquiv>
                </Word>
                <Word id="r2l12_w4" custom="readingOrder {index:3;}">
                    <Coords points="1789,2824 1789,2884 1981,2884 1981,2824"/>
                    <TextEquiv>
                        <Unicode>Brief</Unicode>
                    </TextEquiv>
                </Word>
                <Word id="r2l12_w5" custom="readingOrder {index:4;}">
                    <Coords points="2107,2834 2107,2894 2308,2894 2308,2834"/>
                    <TextEquiv>
                        <Unicode>hätte</Unicode>
                    </TextEquiv>
                </Word>
                <Word id="r2l12_w6" custom="readingOrder {index:5;}">
                    <Coords points="2394,2841 2394,2901 2461,2901 2461,2841"/>
                    <TextEquiv>
                        <Unicode>oh</Unicode>
                    </TextEquiv>
                </Word>
                <Word id="r2l12_w7" custom="readingOrder {index:6;}">
                    <Coords points="2663,2851 2663,2911 3276,2911 3276,2851"/>
                    <TextEquiv>
                        <Unicode>Marherlei,</Unicode>
                    </TextEquiv>
                </Word>
                <TextEquiv>
                    <Unicode>Auf Deinen letzten Brief hätte ich Mancherlei</Unicode>
                </TextEquiv>
            </TextLine>
            <TextLine id="r2l13" custom="readingOrder {index:12;}">
                <Coords points="439,3067 956,3014 1399,3159 1822,3080 1999,3179 2205,3072 2755,3163 3084,3105 3155,2987 443,2925"/>
                <Baseline points="459,3006 592,3009 726,3012 860,3017 994,3022 1127,3027 1261,3032 1395,3037 1529,3042 1662,3048 1796,3053 1930,3057 2064,3062 2197,3066 2331,3069 2465,3071 2599,3072 2732,3072 2866,3072 3000,3071 3134,3068"/>
                <Word id="r2l13_w1" custom="readingOrder {index:0;}">
                    <Coords points="448,2967 448,3027 585,3027 585,2967"/>
                    <TextEquiv>
                        <Unicode>zu</Unicode>
                    </TextEquiv>
                </Word>
                <Word id="r2l13_w2" custom="readingOrder {index:1;}">
                    <Coords points="673,2976 673,3036 1009,3036 1009,2976"/>
                    <TextEquiv>
                        <Unicode>ſorgen;</Unicode>
                    </TextEquiv>
                </Word>
                <Word id="r2l13_w3" custom="readingOrder {index:2;}">
                    <Coords points="1117,2990 1117,3050 1314,3050 1314,2990"/>
                    <TextEquiv>
                        <Unicode>aber</Unicode>
                    </TextEquiv>
                </Word>
                <Word id="r2l13_w4" custom="readingOrder {index:3;}">
                    <Coords points="1441,3000 1441,3060 1520,3060 1520,3000"/>
                    <TextEquiv>
                        <Unicode>ich</Unicode>
                    </TextEquiv>
                </Word>
                <Word id="r2l13_w5" custom="readingOrder {index:4;}">
                    <Coords points="1590,3013 1590,3073 2012,3073 2012,3013"/>
                    <TextEquiv>
                        <Unicode>fürchte,</Unicode>
                    </TextEquiv>
                </Word>
                <Word id="r2l13_w6" custom="readingOrder {index:5;}">
                    <Coords points="2032,3022 2032,3082 2121,3082 2121,3022"/>
                    <TextEquiv>
                        <Unicode>ich</Unicode>
                    </TextEquiv>
                </Word>
                <Word id="r2l13_w7" custom="readingOrder {index:6;}">
                    <Coords points="2190,3029 2190,3089 2602,3089 2602,3029"/>
                    <TextEquiv>
                        <Unicode>Oouuux</Unicode>
                    </TextEquiv>
                </Word>
                <Word id="r2l13_w8" custom="readingOrder {index:7;}">
                    <Coords points="2682,3032 2682,3092 2888,3092 2888,3032"/>
                    <TextEquiv>
                        <Unicode>ſchon</Unicode>
                    </TextEquiv>
                </Word>
                <Word id="r2l13_w9" custom="readingOrder {index:8;}">
                    <Coords points="2987,3030 2987,3090 3056,3090 3056,3030"/>
                    <TextEquiv>
                        <Unicode>zu</Unicode>
                    </TextEquiv>
                </Word>
                <TextEquiv>
                    <Unicode>zu fragen; aber ich fürchte, ich komme ſchon zu</Unicode>
                </TextEquiv>
            </TextLine>
            <TextLine id="r2l14" custom="readingOrder {index:13;} latintype {offset:21; length:10;} person {offset:21; length:10;}">
                <Coords points="419,3297 1108,3233 1327,3366 1525,3254 2618,3274 2803,3391 3376,3295 3378,3193 3007,3147 1575,3206 424,3090"/>
                <Baseline points="438,3215 591,3216 745,3219 898,3224 1052,3227 1206,3231 1359,3236 1513,3242 1667,3246 1820,3251 1974,3255 2127,3260 2281,3263 2435,3266 2588,3269 2742,3270 2896,3270 3049,3270 3203,3269 3357,3264"/>
                <Word id="r2l14_w1" custom="readingOrder {index:0;}">
                    <Coords points="427,3176 427,3236 803,3236 803,3176"/>
                    <TextEquiv>
                        <Unicode>ſpät.</Unicode>
                    </TextEquiv>
                </Word>
                <Word id="r2l14_w2" custom="readingOrder {index:1;}">
                    <Coords points="868,3184 868,3244 978,3244 978,3184"/>
                    <TextEquiv>
                        <Unicode>In</Unicode>
                    </TextEquiv>
                </Word>
                <Word id="r2l14_w3" custom="readingOrder {index:2;}">
                    <Coords points="1070,3189 1070,3249 1198,3249 1198,3189"/>
                    <TextEquiv>
                        <Unicode>der</Unicode>
                    </TextEquiv>
                </Word>
                <Word id="r2l14_w4" custom="readingOrder {index:3;}">
                    <Coords points="1346,3202 1346,3262 1714,3262 1714,3202"/>
                    <TextEquiv>
                        <Unicode>Affeire</Unicode>
                    </TextEquiv>
                </Word>
                <Word id="r2l14_w5" custom="readingOrder {index:4;}">
                    <Coords points="1851,3219 1851,3279 2394,3279 2394,3219"/>
                    <TextEquiv>
                        <Unicode>Schderther</Unicode>
                    </TextEquiv>
                </Word>
                <Word id="r2l14_w6" custom="readingOrder {index:5;}">
                    <Coords points="2542,3229 2542,3289 2927,3289 2927,3229"/>
                    <TextEquiv>
                        <Unicode>nämlich</Unicode>
                    </TextEquiv>
                </Word>
                <Word id="r2l14_w7" custom="readingOrder {index:6;}">
                    <Coords points="3019,3229 3019,3289 3322,3289 3322,3229"/>
                    <TextEquiv>
                        <Unicode>nöchte</Unicode>
                    </TextEquiv>
                </Word>
                <TextEquiv>
                    <Unicode>ſpät. In der Affaire Schlenther nämlich möchte</Unicode>
                </TextEquiv>
            </TextLine>
            <TextLine id="r2l15" custom="readingOrder {index:14;} textStyle {offset:36; length:1;strikethrough:true;} add {offset:37; length:1;}">
                <Coords points="364,3540 639,3410 1428,3513 1660,3437 2346,3598 2466,3496 3228,3535 3232,3403 3120,3381 1379,3399 372,3285"/>
                <Baseline points="387,3381 528,3392 669,3401 810,3410 952,3416 1093,3425 1234,3431 1375,3437 1517,3443 1658,3447 1799,3452 1940,3456 2082,3459 2223,3463 2364,3465 2505,3467 2647,3470 2788,3470 2929,3471 3070,3471 3212,3471"/>
                <Word id="r2l15_w1" custom="readingOrder {index:0;}">
                    <Coords points="374,3347 374,3407 554,3407 554,3347"/>
                    <TextEquiv>
                        <Unicode>ich</Unicode>
                    </TextEquiv>
                </Word>
                <Word id="r2l15_w2" custom="readingOrder {index:1;}">
                    <Coords points="626,3369 626,3429 969,3429 969,3369"/>
                    <TextEquiv>
                        <Unicode>imuunr</Unicode>
                    </TextEquiv>
                </Word>
                <Word id="r2l15_w3" custom="readingOrder {index:2;}">
                    <Coords points="1049,3390 1049,3450 1383,3450 1383,3390"/>
                    <TextEquiv>
                        <Unicode>wieder</Unicode>
                    </TextEquiv>
                </Word>
                <Word id="r2l15_w4" custom="readingOrder {index:3;}">
                    <Coords points="1504,3404 1504,3464 1646,3464 1646,3404"/>
                    <TextEquiv>
                        <Unicode>zer</Unicode>
                    </TextEquiv>
                </Word>
                <Word id="r2l15_w5" custom="readingOrder {index:4;}">
                    <Coords points="1838,3420 1838,3480 2433,3480 2433,3420"/>
                    <TextEquiv>
                        <Unicode>Mäßigung</Unicode>
                    </TextEquiv>
                </Word>
                <Word id="r2l15_w6" custom="readingOrder {index:5;}">
                    <Coords points="2545,3430 2545,3490 2968,3490 2968,3430"/>
                    <TextEquiv>
                        <Unicode>rathen,</Unicode>
                    </TextEquiv>
                </Word>
                <Word id="r2l15_w7" custom="readingOrder {index:6;}">
                    <Coords points="3009,3431 3009,3491 3100,3491 3100,3431"/>
                    <TextEquiv>
                        <Unicode>Es</Unicode>
                    </TextEquiv>
                </Word>
                <TextEquiv>
                    <Unicode>ich immer wieder zur Mäßigung rathen,. Es</Unicode>
                </TextEquiv>
            </TextLine>
            <TextLine id="r2l16" custom="readingOrder {index:15;}">
                <Coords points="359,3685 707,3629 1015,3749 1224,3670 1360,3776 1712,3698 1829,3793 2055,3665 2634,3765 3266,3749 3269,3670 529,3461 364,3542"/>
                <Baseline points="383,3585 526,3600 669,3612 812,3623 956,3630 1099,3638 1242,3644 1385,3648 1529,3653 1672,3656 1815,3658 1958,3660 2102,3663 2245,3666 2388,3671 2531,3675 2675,3680 2818,3687 2961,3695 3104,3704 3248,3716"/>
                <Word id="r2l16_w1" custom="readingOrder {index:0;}">
                    <Coords points="370,3555 370,3615 595,3615 595,3555"/>
                    <TextEquiv>
                        <Unicode>ſeht</Unicode>
                    </TextEquiv>
                </Word>
                <Word id="r2l16_w2" custom="readingOrder {index:1;}">
                    <Coords points="649,3581 649,3641 930,3641 930,3581"/>
                    <TextEquiv>
                        <Unicode>etwas</Unicode>
                    </TextEquiv>
                </Word>
                <Word id="r2l16_w3" custom="readingOrder {index:2;}">
                    <Coords points="1048,3598 1048,3658 1189,3658 1189,3598"/>
                    <TextEquiv>
                        <Unicode>ſehr</Unicode>
                    </TextEquiv>
                </Word>
                <Word id="r2l16_w4" custom="readingOrder {index:3;}">
                    <Coords points="1307,3613 1307,3673 1770,3673 1770,3613"/>
                    <TextEquiv>
                        <Unicode>Wichtiges</Unicode>
                    </TextEquiv>
                </Word>
                <Word id="r2l16_w5" custom="readingOrder {index:4;}">
                    <Coords points="1845,3619 1845,3679 2006,3679 2006,3619"/>
                    <TextEquiv>
                        <Unicode>auf</Unicode>
                    </TextEquiv>
                </Word>
                <Word id="r2l16_w6" custom="readingOrder {index:5;}">
                    <Coords points="2093,3625 2093,3685 2319,3685 2319,3625"/>
                    <TextEquiv>
                        <Unicode>dem</Unicode>
                    </TextEquiv>
                </Word>
                <Word id="r2l16_w7" custom="readingOrder {index:6;}">
                    <Coords points="2460,3639 2460,3699 2836,3699 2836,3639"/>
                    <TextEquiv>
                        <Unicode>Spiele;</Unicode>
                    </TextEquiv>
                </Word>
                <Word id="r2l16_w8" custom="readingOrder {index:7;}">
                    <Coords points="2923,3660 2923,3720 3170,3720 3170,3660"/>
                    <TextEquiv>
                        <Unicode>Dein</Unicode>
                    </TextEquiv>
                </Word>
                <TextEquiv>
                    <Unicode>ſteht etwas ſehr Wichtiges auf dem Spiele: Dein</Unicode>
                </TextEquiv>
            </TextLine>
            <TextLine id="r2l17" custom="readingOrder {index:16;} work {offset:6; length:5;}">
                <Coords points="366,3846 2161,3986 2323,3896 3117,3961 3124,3829 372,3726"/>
                <Baseline points="387,3785 522,3798 658,3810 794,3821 929,3831 1065,3840 1201,3849 1336,3856 1472,3863 1608,3869 1744,3875 1879,3879 2015,3885 2151,3890 2286,3894 2422,3900 2558,3905 2693,3911 2829,3917 2965,3923 3101,3929"/>
                <Word id="r2l17_w1" custom="readingOrder {index:0;}">
                    <Coords points="372,3761 372,3821 742,3821 742,3761"/>
                    <TextEquiv>
                        <Unicode>ares</Unicode>
                    </TextEquiv>
                </Word>
                <Word id="r2l17_w2" custom="readingOrder {index:1;}">
                    <Coords points="815,3794 815,3854 1163,3854 1163,3794"/>
                    <TextEquiv>
                        <Unicode>Rüctt.</Unicode>
                    </TextEquiv>
                </Word>
                <Word id="r2l17_w3" custom="readingOrder {index:2;}">
                    <Coords points="1219,3816 1219,3876 1461,3876 1461,3816"/>
                    <TextEquiv>
                        <Unicode>Was</Unicode>
                    </TextEquiv>
                </Word>
                <Word id="r2l17_w4" custom="readingOrder {index:3;}">
                    <Coords points="1518,3830 1518,3890 1745,3890 1745,3830"/>
                    <TextEquiv>
                        <Unicode>liegt</Unicode>
                    </TextEquiv>
                </Word>
                <Word id="r2l17_w5" custom="readingOrder {index:4;}">
                    <Coords points="1849,3851 1849,3911 2544,3911 2544,3851"/>
                    <TextEquiv>
                        <Unicode>dermgegenüber</Unicode>
                    </TextEquiv>
                </Word>
                <Word id="r2l17_w6" custom="readingOrder {index:5;}">
                    <Coords points="2648,3872 2648,3932 2794,3932 2794,3872"/>
                    <TextEquiv>
                        <Unicode>an</Unicode>
                    </TextEquiv>
                </Word>
                <Word id="r2l17_w7" custom="readingOrder {index:6;}">
                    <Coords points="2842,3881 2842,3941 3020,3941 3020,3881"/>
                    <TextEquiv>
                        <Unicode>den</Unicode>
                    </TextEquiv>
                </Word>
                <TextEquiv>
                    <Unicode>neues Stück. Was liegt demgegenüber an den</Unicode>
                </TextEquiv>
            </TextLine>
            <TextLine id="line_1673254351694_104" custom="readingOrder {index:17;} work {offset:5; length:8;} place {offset:40; length:11;}">
                <Coords points="397,3941 2215,3956 3423,4025 3411,4209 2990,4250 392,4077"/>
                <Baseline points="413,4029 549,4032 686,4036 823,4040 960,4046 1097,4050 1234,4056 1370,4063 1507,4068 1644,4075 1781,4082 1918,4088 2055,4094 2192,4098 2328,4103 2465,4106 2602,4109 2739,4110 2876,4110 3013,4110 3150,4107 3144,4133 3169,4136 3194,4139 3219,4143 3244,4146 3270,4149 3295,4150 3320,4151 3345,4151 3370,4149 3396,4145"/>
                <Word id="r2l18_w1" custom="readingOrder {index:0;}">
                    <Coords points="398,3991 398,4051 643,4051 643,3991"/>
                    <TextEquiv>
                        <Unicode>drei</Unicode>
                    </TextEquiv>
                </Word>
                <Word id="r2l18_w2" custom="readingOrder {index:1;}">
                    <Coords points="710,4006 710,4066 1278,4066 1278,4006"/>
                    <TextEquiv>
                        <Unicode>Einaktern)</Unicode>
                    </TextEquiv>
                </Word>
                <Word id="r2l18_w3" custom="readingOrder {index:2;}">
                    <Coords points="1438,4028 1438,4088 1582,4088 1582,4028"/>
                    <TextEquiv>
                        <Unicode>die</Unicode>
                    </TextEquiv>
                </Word>
                <Word id="r2l18_w4" custom="readingOrder {index:3;}">
                    <Coords points="1650,4045 1650,4105 2064,4105 2064,4045"/>
                    <TextEquiv>
                        <Unicode>überdies</Unicode>
                    </TextEquiv>
                </Word>
                <Word id="r2l18_w5" custom="readingOrder {index:4;}">
                    <Coords points="2207,4064 2207,4124 2605,4124 2605,4064"/>
                    <TextEquiv>
                        <Unicode>überall</Unicode>
                    </TextEquiv>
                </Word>
                <Word id="r2l18_w6" custom="readingOrder {index:5;}">
                    <Coords points="2715,4070 2715,4130 2800,4130 2800,4070"/>
                    <TextEquiv>
                        <Unicode>un</Unicode>
                    </TextEquiv>
                </Word>
                <Word id="r2l18_w7" custom="readingOrder {index:6;}">
                    <Coords points="2876,4070 2876,4130 3120,4130 3120,4070"/>
                    <TextEquiv>
                        <Unicode>deutß</Unicode>
                    </TextEquiv>
                </Word>
                <Word id="r2l19_w1" custom="readingOrder {index:7;}">
                    <Coords points="3124,4104 3124,4164 3339,4164 3339,4104"/>
                    <TextEquiv>
                        <Unicode>hlnd</Unicode>
                    </TextEquiv>
                </Word>
                <TextEquiv>
                    <Unicode>drei Einaktern, die überdies überall in Deutſchland</Unicode>
                </TextEquiv>
            </TextLine>
            <TextEquiv>
                <Unicode>Frankfurt, 12. November.
Mein lieber Freund,
Seit zwei Wochen muß ich meinen Onkel vertreten u.
habe allein das Feuilleton zu redigiren, was b bei
unſerem Blatte eine ungeheure Arbeit iſt, welche den ganzen
Tag und einen Theil der Nacht ausfüllt. Keine freie
Viertelſtunde alſo. Seitdem ich Deinen letzten leben Brief
erhielt, will ich Dir ſchreiben und leide ſehr darunter,
daß ich es nicht kann. Heut gibt endlich der Sonntag die
Möglichkeit zur Ausführung des lang gehegten
Vorſatzes.
Auf Deinen letzten Brief hätte ich Mancherlei
zu fragen; aber ich fürchte, ich komme ſchon zu
ſpät. In der Affaire Schlenther nämlich möchte
ich immer wieder zur Mäßigung rathen,. Es
ſteht etwas ſehr Wichtiges auf dem Spiele: Dein
neues Stück. Was liegt demgegenüber an den
drei Einaktern, die überdies überall in Deutſchland</Unicode>
            </TextEquiv>
        </TextRegion>
    </Page>
</PcGts>
