3746 4562
1782 440 2498 500 Fraukfurt
2632 485 2816 545 20.
2878 496 3186 556 März

507 973 978 1033 Mein
1121 1009 1480 1069 armer
1633 1026 1972 1086 lieber
2084 1038 2596 1098 Freund,

459 1265 639 1325 Es
701 1283 811 1343 iſt
871 1305 1377 1365 ertſetzlich
1538 1324 1720 1384 und
1820 1331 1922 1391 ich
1992 1336 2234 1396 laun
2346 1342 2416 1402 es
2528 1351 2891 1411 kaum
2981 1371 3385 1431 feſſen.

601 1351 783 1411 Dir

455 1474 1101 1534 Xſarme
1192 1502 1511 1562 hunge
1575 1509 1939 1569 Frau!
2066 1511 2203 1571 Hat
2286 1512 2404 1572 ſie
2532 1516 3179 1576 werigſtras

441 1615 719 1675 nicht
807 1661 1275 1721 allzuviel
1419 1693 1967 1753 gelitten?
2110 1708 2499 1768 Warim
2698 1724 3096 1784 gerade
3160 1739 3294 1799 ſie

493 1822 637 1882 es
728 1840 946 1900 ſein
1046 1863 1528 1923 müßte?
1655 1881 1855 1941 Und
1964 1891 2273 1951 waru
2546 1902 2728 1962 Dir
2956 1906 3137 1966 das

477 2011 903 2071 Arherl
1048 2044 1239 2104 mit
1365 2057 1438 2117 ſo
1538 2070 2128 2130 wahnſinn
2174 2079 2373 2139 ger
2573 2097 3444 2157 Hartnäckigkeit

485 2249 1279 2309 zuſetzt?..
1398 2286 1531 2346 Ich
1584 2297 1823 2357 fand
1876 2307 2087 2367 hrut
2233 2316 2446 2376 früh
2538 2320 2856 2380 Deine
2935 2321 3332 2381 Dyeſche

450 2424 657 2484 die
766 2453 1010 2513 mich
1100 2474 1363 2534 wie
1462 2490 1607 2550 ein
1732 2512 2555 2572 Donnerſchlag
2726 2533 3061 2593 traf.

426 2641 762 2701 Wie
842 2672 1089 2732 hätte
1207 2695 1475 2755 man
1583 2713 1989 2773 darauf
2139 2734 2533 2794 gefaßt
2683 2758 2920 2818 ſein
3049 2790 3404 2850 ſollen,

435 2838 873 2898 Sagen
962 2881 1239 2941 kar
1337 2900 1615 2960 man
1731 2911 2035 2971 nichts
2115 2918 2526 2978 dazu.
2598 2928 2874 2988 Nur
2991 2946 3152 3006 bei

478 3040 713 3100 Dir
855 3070 1080 3130 ſein
1241 3096 1607 3156 möchte
1739 3114 1946 3174 ich.
2022 3128 2455 3188 Ninu’
2521 3142 2680 3202 Dich
2775 3162 3443 3222 zuſammen

480 3280 962 3340 Lieber
1087 3332 1592 3392 Gater!
1750 3350 2087 3410 Trage
2143 3355 2357 3415 auch
2459 3364 2763 3424 das!
2863 3383 3156 3443 Süche

510 3487 731 3547 ein
832 3524 1200 3584 wenig
1321 3558 1578 3618 luhe
1707 3574 1800 3634 zu
1938 3588 2353 3648 finden
2463 3593 2656 3653 bei
2777 3587 3043 3647 dem

554 3740 1268 3800 Gedanken
1336 3772 1501 3832 an
1675 3791 1946 3851 das,
2023 3802 2294 3862 was
2409 3811 2970 3871 gewiſen
3058 3812 3183 3872 iſt

494 3931 811 3991 und
923 3951 1201 4011 was
1320 3969 1502 4029 Dir
1654 3986 1916 4046 kein
2011 3998 2154 4058 Tod
2250 4009 2464 4069 von
2511 4017 2607 4077 be
2837 4032 3266 4092 kann.
