3746 4562
307 427 590 487 Dein
699 461 940 521 Alter
1083 490 1533 550 ſchreibſt,
1591 505 1741 565 haſt
1833 512 1933 572 Du
2074 524 2525 584 Rurecht.
2642 562 2967 622 Gerode
3034 562 3133 622 in

335 603 704 663 Deinem
771 633 979 693 Alter
1106 654 1334 714 kann
1388 665 1603 725 man
1683 674 1892 734 ſelbſt
1945 682 2106 742 eine
2200 692 2402 752 ſolche
2529 717 3039 777 Schnkung

372 758 604 818 nich
646 786 1002 846 tragen,
1042 809 1357 869 ſpater
1490 827 1683 887 nocht
1774 840 2089 900 wehr.
2160 853 2252 913 Du
2343 865 2486 925 biſt
2557 880 2750 940 noch
2852 910 3167 970 jurg,

333 896 576 956 und
660 911 719 971 ir
819 928 1105 988 Deine
1281 953 1550 1013 Leben
1617 968 1718 1028 iſt
1844 984 2020 1044 noch
2162 1009 2456 1069 Kraht
2566 1046 2977 1106 genug,
3036 1079 3203 1139 uim

364 1038 700 1098 ſelbſt
748 1072 932 1132 dieſe
1018 1107 1548 1167 ſchreckliche
1615 1136 1980 1196 Liere,
2009 1151 2125 1211 Dir
2240 1163 2356 1223 ſich
2404 1173 2538 1233 auf
2626 1197 3011 1257 einmal

356 1217 845 1277 aufgethan
912 1245 1074 1305 hat,
1172 1267 1549 1327 wieder
1614 1300 2284 1360 auszufellen
2447 1335 2636 1395 und
2815 1375 3346 1435 Hlaugtan

272 1273 348 1333 zu

288 1374 967 1434 Verderken.
1034 1406 1216 1466 Das
1283 1417 1373 1477 iſt
1464 1424 1480 1484 e
1615 1434 1691 1494 in
1774 1446 2090 1506 dieſem
2219 1468 2619 1528 Urglück
2807 1500 3199 1560 meine

350 1531 835 1591 einzige,
912 1560 1096 1620 aber
1235 1579 1428 1639 auch
1521 1596 1859 1656 meinn
1960 1611 2183 1671 feſte
2290 1626 2460 1686 und
2629 1648 2953 1708 ſichere

393 1720 1004 1780 Hoffnurg,
1089 1746 1191 1806 Du
1301 1759 1573 1819 mußt
1658 1770 1955 1830 freilich
2040 1781 2328 1841 ſelbſt
2431 1793 2796 1853 etwas
2915 1813 3254 1873 dazu!

337 1877 615 1937 thur
737 1896 893 1956 und
974 1909 1293 1969 mußt
1390 1922 1546 1982 Dich
1611 1937 2217 1997 gewaltſam
2347 1979 3229 2039 herausrerßen.

321 2036 478 2096 Du
566 2057 865 2117 nußt
962 2073 1129 2133 Dich
1199 2080 1269 2140 zu
1339 2086 1480 2146 der
1602 2101 2155 2161 Erkenntniß
2296 2137 2998 2197 dürchringen,
3025 2177 3174 2237 daß

308 2203 507 2263 in
581 2220 707 2280 der
772 2242 1300 2302 Beziehung
1408 2257 1473 2317 zo
1591 2266 1836 2326 einer
1955 2279 2310 2339 Frau,
2392 2291 2573 2351 und
2674 2304 2801 2364 ſei
2902 2317 2974 2377 es
3057 2331 3202 2391 die

341 2378 663 2438 beſte
750 2400 939 2460 und
1082 2418 1471 2478 liebſte,
1528 2427 1680 2487 das
1812 2435 2078 2495 Leben
2193 2444 2326 2504 ſich
2468 2457 2668 2517 nicht
2753 2486 3246 2546 erſchöpft.

348 2550 725 2610 Glaebe
802 2571 977 2631 mir
1137 2586 1305 2646 das
1374 2594 1466 2654 iſt
1549 2602 1682 2662 die
1780 2617 2359 2677 Wahrheit.
2457 2637 2534 2697 Es
2604 2650 2800 2710 gebt
2862 2676 3281 2736 Anderes

336 2711 571 2771 viel
649 2739 1067 2799 Anderes
1206 2759 1458 2819 noch.
1546 2767 1615 2827 Es
1676 2773 1885 2833 gebt
1955 2781 2156 2841 auch
2268 2799 2634 2859 wieder
2756 2837 3174 2897 einmal

324 2876 747 2936 neues
831 2909 1223 2969 Glück!
1306 2927 1505 2987 Nur
1569 2940 1832 3000 leben
1948 2959 2417 3019 Heiben-
2506 2980 2789 3040 leben
2911 3000 3136 3060 und

359 3044 824 3104 warten!

656 3187 837 3247 Ich
882 3214 1335 3274 eopfinde
1392 3243 1460 3303 es
1538 3268 1811 3328 bitter
1958 3302 2117 3362 und
2196 3336 2762 3396 ſchwerzlich,
2807 3358 2954 3418 daß
3035 3364 3124 3424 ich

387 3350 585 3410 nicht
656 3363 770 3423 bei
848 3376 976 3436 Dir
1090 3392 1260 3452 ſein
1367 3415 1672 3475 kann.
1736 3436 1921 3496 Mir
2049 3460 2369 3520 konot
2440 3475 2511 3535 es
2611 3488 2830 3548 vor,
2945 3501 3093 3561 als

372 3533 700 3593 ließe
754 3544 846 3604 ich
937 3552 1092 3612 Dich
1210 3563 1329 3623 in
1393 3575 1648 3635 Stich,
1739 3594 2059 3654 wern
2186 3612 2287 3672 ich
2369 3625 2560 3685 hier
2687 3644 2897 3704 hern
2997 3661 3153 3721 von

348 3702 546 3762 Dir
658 3714 830 3774 bin
958 3728 1140 3788 und
1263 3742 1423 3802 Dich
1520 3758 1819 3818 anis
1926 3776 2189 3836 wiiß
2354 3794 2542 3854 mit
2670 3809 3077 3869 Deinem

398 3887 1131 3947 Cunuur.
1234 3920 1481 3980 Eines
1553 3932 1815 3992 wäre
1895 3940 1911 4000 d
2126 3956 2619 4016 driegend
2755 3981 3041 4041 nöthig

408 4057 646 4117 und
745 4072 827 4132 ich
909 4087 1289 4147 konus
1420 4110 1815 4170 immer
1930 4132 2260 4192 wieder
2374 4154 2729 4214 darauh
2828 4183 3255 4243 zurück¬
