3706 4549
508 536 923 596 wenn
992 549 1084 609 es
1200 554 1396 614 nicht
1569 555 1822 615 ſchon
1961 551 2042 611 zu
2214 544 2456 604 ſpät
2525 537 2756 597 iſt,
2860 528 3206 588 nöchte

432 746 600 806 ich
673 749 825 809 Dr
978 752 1379 812 rathen,
1508 754 1627 814 die
1869 755 2831 815 Verharellungen
3008 752 3241 812 noch

153 1008 313 1068 au
433 978 504 1038 in
605 953 997 1013 dieſen
1107 943 1510 1003 Diuux
1610 946 1700 1006 zu
1811 956 2294 1016 führen.
2444 955 2918 1015 Kovuut
2978 936 3098 996 es

408 1175 706 1235 aber
805 1177 1037 1237 zum
1158 1172 1511 1232 offeien
1655 1163 2229 1223 Conflict,
2339 1158 2406 1218 ſo
2549 1157 2924 1217 brauche
3024 1160 3123 1220 ich

382 1388 617 1448 Dir
755 1399 981 1459 nicht
1098 1399 1270 1459 erſt
1377 1397 1463 1457 zu
1633 1388 2094 1448 ſagen,
2170 1381 2351 1441 daß
2565 1381 2673 1441 Du
2822 1391 3325 1451 enbedingt

409 1603 676 1663 auf
769 1608 968 1668 auch
1061 1612 1446 1672 rechnen
1587 1613 2053 1673 kornſt,
2146 1612 2554 1672 ſolange
2624 1610 2717 1670 ich
2858 1607 3067 1667 das

440 1842 1180 1902 Fruillaton
1336 1835 1979 1895 redigire.
2077 1834 2417 1894 Wenn
2516 1832 2807 1892 freilich
2915 1824 3168 1884 nuin

479 2067 856 2127 Enkel
962 2063 1339 2123 wieder
1522 2065 1834 2125 zurück
1939 2066 2148 2126 iſt,
2174 2066 2252 2126 ſo
2396 2063 2656 2123 wird
2773 2049 3203 2109 wieder

439 2261 697 2321 der
775 2275 1270 2335 Einfluß,
1303 2275 1552 2335 einer
1686 2269 2002 2329 Frau
2136 2262 2282 2322 auf
2372 2259 2552 2319 das
2665 2262 3271 2322 Frauilentor

472 2480 695 2540 an
768 2493 1419 2553 Frankfurter
1511 2494 1956 2554 Zeitung
2096 2486 2783 2546 beginnen,
2876 2482 3061 2542 und

450 2717 770 2777 dun
858 2720 1024 2780 bin
1157 2716 1234 2776 ich
1378 2701 1842 2761 nachtlos
1996 2683 2195 2743 und
2350 2678 2494 2738 Du
2625 2687 3045 2747 kauuſt

464 2920 723 2980 auf
858 2928 1105 2988 nichts
1228 2921 1462 2981 wehr
1574 2909 2079 2969 rechnen.

637 3110 876 3170 Ar
953 3146 1714 3206 Wessermaun
1790 3154 1986 3214 habe
2051 3154 2161 3214 ich
2312 3152 2334 3212 –
2498 3151 2682 3211 Dir
2857 3151 2943 3211 zu
3041 3155 3291 3215 liebe

504 3328 917 3388 nen
1089 3361 1743 3421 erahnenden
1906 3369 2185 3429 Brief
2321 3371 2820 3431 ſchreiben
2897 3379 3329 3439 laſſen.

411 3511 745 3571 Wenn
803 3528 870 3588 er
1012 3549 1329 3609 dennoch
1430 3568 1681 3628 eines
1806 3583 2123 3643 Tages
2199 3592 2491 3652 fällt,
2574 3595 2641 3655 ſo
2800 3598 3092 3658 werde

415 3731 536 3791 ich
601 3763 1348 3823 Schuerzfopf
1459 3781 1623 3841 und
1776 3788 2425 3848 Hirschfeld
2524 3791 2557 3851 X
2667 3793 2798 3853 als
2865 3798 3117 3858 ſeine

487 3958 1048 4018 Nachfolger
1146 3989 1696 4049 empfehlen.
