<?xml version="1.0" encoding="UTF-8" standalone="yes"?>
<PcGts xmlns="http://schema.primaresearch.org/PAGE/gts/pagecontent/2013-07-15" xmlns:xsi="http://www.w3.org/2001/XMLSchema-instance" xsi:schemaLocation="http://schema.primaresearch.org/PAGE/gts/pagecontent/2013-07-15 http://schema.primaresearch.org/PAGE/gts/pagecontent/2013-07-15/pagecontent.xsd">
    <Metadata>
        <Creator>prov=READ-COOP:name=PyLaia@TranskribusPlatform:version=0.7.1:model_id=37738:lm=provided:date=17_06_2022_07:45
prov=READ-COOP:name=PyLaia@Transkribus:version=0.7.1:model_id=37738:lm=provided:date=17_06_2022_07:45
prov=University of Rostock/Institute of Mathematics/CITlab|PLANET AI GmbH/Tobias Gruening/tobias.gruening@planet-ai.de:name=de.uros.citlab.module.baseline2polygon.B2PSeamMultiOriented:v=2.6.7</Creator>
        <Created>2022-03-31T12:09:27.569+02:00</Created>
        <LastChange>2022-06-17T08:55:50.166+02:00</LastChange>
        <TranskribusMetadata docId="958786" pageId="37204544" pageNr="1" tsid="88361181" status="DONE" userId="40391" imgUrl="https://files.transkribus.eu/Get?id=ECFOBHDJSORSATKXJAWRAELR&amp;fileType=view" xmlUrl="https://files.transkribus.eu/Get?id=EVPAVISDKXGIEDAOMVOXMTQE" imageId="30004715"/>
    </Metadata>
    <Page imageFilename="DLA_70_00034 HS.NZ85.1.3170_0020.jpg" imageWidth="2749" imageHeight="5337">
        <ReadingOrder>
            <OrderedGroup id="ro_1675350341300" caption="Regions reading order">
                <RegionRefIndexed index="0" regionRef="r1"/>
            </OrderedGroup>
        </ReadingOrder>
        <TextRegion orientation="0.0" id="r1" custom="readingOrder {index:0;}">
            <Coords points="278,339 278,5038 2478,5038 2478,339"/>
            <TextLine id="r1l1" custom="readingOrder {index:0;} textStyle {offset:0; length:5;bold:true;} letter-begin {offset:0; length:0;} textStyle {offset:6; length:46;bold:true;}">
                <Coords points="371,409 2451,388 2450,308 2168,292 371,343"/>
                <Baseline points="384,404 486,400 589,396 691,394 794,392 897,390 999,388 1102,386 1204,385 1307,384 1410,382 1512,382 1615,382 1717,380 1820,380 1923,380 2025,379 2128,378 2230,378 2333,376 2436,376"/>
                <Word id="r1l1_w1" custom="readingOrder {index:0;}">
                    <Coords points="370,362 370,422 452,422 452,362"/>
                    <TextEquiv>
                        <Unicode>A.</Unicode>
                    </TextEquiv>
                </Word>
                <Word id="r1l1_w2" custom="readingOrder {index:1;}">
                    <Coords points="471,358 471,418 581,418 581,358"/>
                    <TextEquiv>
                        <Unicode>P.</Unicode>
                    </TextEquiv>
                </Word>
                <Word id="r1l1_w3" custom="readingOrder {index:2;}">
                    <Coords points="645,354 645,414 736,414 736,354"/>
                    <TextEquiv>
                        <Unicode>In</Unicode>
                    </TextEquiv>
                </Word>
                <Word id="r1l1_w4" custom="readingOrder {index:3;}">
                    <Coords points="801,350 801,410 911,410 911,350"/>
                    <TextEquiv>
                        <Unicode>der</Unicode>
                    </TextEquiv>
                </Word>
                <Word id="r1l1_w5" custom="readingOrder {index:4;}">
                    <Coords points="966,345 966,405 1360,405 1360,345"/>
                    <TextEquiv>
                        <Unicode>Gesellschaft</Unicode>
                    </TextEquiv>
                </Word>
                <Word id="r1l1_w6" custom="readingOrder {index:5;}">
                    <Coords points="1406,342 1406,402 1525,402 1525,342"/>
                    <TextEquiv>
                        <Unicode>für</Unicode>
                    </TextEquiv>
                </Word>
                <Word id="r1l1_w7" custom="readingOrder {index:6;}">
                    <Coords points="1571,340 1571,400 1791,400 1791,340"/>
                    <TextEquiv>
                        <Unicode>Kunst</Unicode>
                    </TextEquiv>
                </Word>
                <Word id="r1l1_w8" custom="readingOrder {index:7;}">
                    <Coords points="1837,340 1837,400 1965,400 1965,340"/>
                    <TextEquiv>
                        <Unicode>und</Unicode>
                    </TextEquiv>
                </Word>
                <Word id="r1l1_w9" custom="readingOrder {index:8;}">
                    <Coords points="2011,338 2011,398 2442,398 2442,338"/>
                    <TextEquiv>
                        <Unicode>Wissenschaft</Unicode>
                    </TextEquiv>
                </Word>
                <TextEquiv>
                    <Unicode>A. P. In der Gesellschaft für Kunst und Wissenschaft</Unicode>
                </TextEquiv>
            </TextLine>
            <TextLine id="r1l2" custom="readingOrder {index:1;} spaced-out {offset:25; length:15;} person {offset:25; length:15;} spaced-out {offset:46; length:6; continued:true;} person {offset:46; length:6; continued:true;}">
                <Coords points="272,500 2447,464 2446,390 271,415"/>
                <Baseline points="286,482 393,478 500,476 607,472 715,470 822,468 929,466 1037,464 1144,462 1251,460 1359,458 1466,458 1573,456 1680,456 1788,456 1895,454 2002,454 2110,454 2217,454 2324,454 2432,452"/>
                <Word id="r1l2_w1" custom="readingOrder {index:0;}">
                    <Coords points="269,439 269,499 441,499 441,439"/>
                    <TextEquiv>
                        <Unicode>sprach</Unicode>
                    </TextEquiv>
                </Word>
                <Word id="r1l2_w2" custom="readingOrder {index:1;}">
                    <Coords points="493,434 493,494 571,494 571,434"/>
                    <TextEquiv>
                        <Unicode>am</Unicode>
                    </TextEquiv>
                </Word>
                <Word id="r1l2_w3" custom="readingOrder {index:2;}">
                    <Coords points="648,428 648,488 924,488 924,428"/>
                    <TextEquiv>
                        <Unicode>Mittwoch</Unicode>
                    </TextEquiv>
                </Word>
                <Word id="r1l2_w4" custom="readingOrder {index:3;}">
                    <Coords points="975,423 975,483 1156,483 1156,423"/>
                    <TextEquiv>
                        <Unicode>Abend</Unicode>
                    </TextEquiv>
                </Word>
                <Word id="r1l2_w5" custom="readingOrder {index:4;}">
                    <Coords points="1208,418 1208,478 1440,478 1440,418"/>
                    <TextEquiv>
                        <Unicode>Adele</Unicode>
                    </TextEquiv>
                </Word>
                <Word id="r1l2_w6" custom="readingOrder {index:5;}">
                    <Coords points="1483,416 1483,476 1888,476 1888,416"/>
                    <TextEquiv>
                        <Unicode>Schreiber</Unicode>
                    </TextEquiv>
                </Word>
                <Word id="r1l2_w7" custom="readingOrder {index:6;}">
                    <Coords points="1940,414 1940,474 2069,474 2069,414"/>
                    <TextEquiv>
                        <Unicode>über</Unicode>
                    </TextEquiv>
                </Word>
                <Word id="r1l2_w8" custom="readingOrder {index:7;}">
                    <Coords points="2112,414 2112,474 2431,474 2431,414"/>
                    <TextEquiv>
                        <Unicode>Arthur</Unicode>
                    </TextEquiv>
                </Word>
                <TextEquiv>
                    <Unicode>sprach am Mittwoch Abend Adele Schreiber über Arthur</Unicode>
                </TextEquiv>
            </TextLine>
            <TextLine id="r1l3" custom="readingOrder {index:2;} spaced-out {offset:0; length:10; continued:true;} person {offset:0; length:10; continued:true;} person {offset:22; length:15;}">
                <Coords points="336,576 2445,541 2444,481 2261,453 335,499"/>
                <Baseline points="348,558 452,556 556,553 660,550 764,548 869,546 973,544 1077,543 1181,542 1285,540 1390,538 1494,536 1598,536 1702,534 1806,534 1911,534 2015,532 2119,532 2223,532 2327,532 2432,532"/>
                <Word id="r1l3_w1" custom="readingOrder {index:0;}">
                    <Coords points="333,514 333,574 704,574 704,514"/>
                    <TextEquiv>
                        <Unicode>chnitzler.</Unicode>
                    </TextEquiv>
                </Word>
                <Word id="r1l3_w2" custom="readingOrder {index:1;}">
                    <Coords points="747,507 747,567 851,567 851,507"/>
                    <TextEquiv>
                        <Unicode>Die</Unicode>
                    </TextEquiv>
                </Word>
                <Word id="r1l3_w3" custom="readingOrder {index:2;}">
                    <Coords points="894,504 894,564 1049,564 1049,504"/>
                    <TextEquiv>
                        <Unicode>junge</Unicode>
                    </TextEquiv>
                </Word>
                <Word id="r1l3_w4" custom="readingOrder {index:3;}">
                    <Coords points="1075,499 1075,559 1506,559 1506,499"/>
                    <TextEquiv>
                        <Unicode>Oesterreicherin</Unicode>
                    </TextEquiv>
                </Word>
                <Word id="r1l3_w5" custom="readingOrder {index:4;}">
                    <Coords points="1549,494 1549,554 1808,554 1808,494"/>
                    <TextEquiv>
                        <Unicode>entrollte</Unicode>
                    </TextEquiv>
                </Word>
                <Word id="r1l3_w6" custom="readingOrder {index:5;}">
                    <Coords points="1842,494 1842,554 1885,554 1885,494"/>
                    <TextEquiv>
                        <Unicode>in</Unicode>
                    </TextEquiv>
                </Word>
                <Word id="r1l3_w7" custom="readingOrder {index:6;}">
                    <Coords points="1920,492 1920,552 2187,552 2187,492"/>
                    <TextEquiv>
                        <Unicode>knappen,</Unicode>
                    </TextEquiv>
                </Word>
                <Word id="r1l3_w8" custom="readingOrder {index:7;}">
                    <Coords points="2213,492 2213,552 2420,552 2420,492"/>
                    <TextEquiv>
                        <Unicode>sicheren</Unicode>
                    </TextEquiv>
                </Word>
                <TextEquiv>
                    <Unicode>Schnitzler. Die junge Oesterreicherin entrollte in knappen, sicheren</Unicode>
                </TextEquiv>
            </TextLine>
            <TextLine id="r1l4" custom="readingOrder {index:3;}">
                <Coords points="264,648 2409,631 2450,562 263,566"/>
                <Baseline points="278,634 385,631 493,628 601,626 709,624 817,622 925,620 1033,618 1141,618 1249,616 1357,614 1464,614 1572,612 1680,612 1788,610 1896,610 2004,610 2112,610 2220,610 2328,610 2436,610"/>
                <Word id="r1l4_w1" custom="readingOrder {index:0;}">
                    <Coords points="261,591 261,651 451,651 451,591"/>
                    <TextEquiv>
                        <Unicode>Linien</Unicode>
                    </TextEquiv>
                </Word>
                <Word id="r1l4_w2" custom="readingOrder {index:1;}">
                    <Coords points="494,587 494,647 571,647 571,587"/>
                    <TextEquiv>
                        <Unicode>ein</Unicode>
                    </TextEquiv>
                </Word>
                <Word id="r1l4_w3" custom="readingOrder {index:2;}">
                    <Coords points="615,584 615,644 744,644 744,584"/>
                    <TextEquiv>
                        <Unicode>Bild</Unicode>
                    </TextEquiv>
                </Word>
                <Word id="r1l4_w4" custom="readingOrder {index:3;}">
                    <Coords points="778,581 778,641 882,641 882,581"/>
                    <TextEquiv>
                        <Unicode>von</Unicode>
                    </TextEquiv>
                </Word>
                <Word id="r1l4_w5" custom="readingOrder {index:4;}">
                    <Coords points="925,579 925,639 1011,639 1011,579"/>
                    <TextEquiv>
                        <Unicode>dem</Unicode>
                    </TextEquiv>
                </Word>
                <Word id="r1l4_w6" custom="readingOrder {index:5;}">
                    <Coords points="1080,576 1080,636 1322,636 1322,576"/>
                    <TextEquiv>
                        <Unicode>geistigen</Unicode>
                    </TextEquiv>
                </Word>
                <Word id="r1l4_w7" custom="readingOrder {index:6;}">
                    <Coords points="1373,573 1373,633 1606,633 1606,573"/>
                    <TextEquiv>
                        <Unicode>Schaffen</Unicode>
                    </TextEquiv>
                </Word>
                <Word id="r1l4_w8" custom="readingOrder {index:7;}">
                    <Coords points="1658,571 1658,631 1804,631 1804,571"/>
                    <TextEquiv>
                        <Unicode>ihres</Unicode>
                    </TextEquiv>
                </Word>
                <Word id="r1l4_w9" custom="readingOrder {index:8;}">
                    <Coords points="1839,570 1839,630 2287,630 2287,570"/>
                    <TextEquiv>
                        <Unicode>Landsmannes,</Unicode>
                    </TextEquiv>
                </Word>
                <Word id="r1l4_w10" custom="readingOrder {index:9;}">
                    <Coords points="2313,570 2313,630 2399,630 2399,570"/>
                    <TextEquiv>
                        <Unicode>dem</Unicode>
                    </TextEquiv>
                </Word>
                <TextEquiv>
                    <Unicode>Linien ein Bild von dem geistigen Schaffen ihres Landsmannes, dem</Unicode>
                </TextEquiv>
            </TextLine>
            <TextLine id="r1l5" custom="readingOrder {index:4;} place {offset:4; length:12;}">
                <Coords points="275,730 2461,705 2301,616 274,651"/>
                <Baseline points="288,712 395,710 503,708 611,705 719,704 827,702 935,700 1043,698 1151,696 1259,696 1367,694 1474,694 1582,692 1690,692 1798,690 1906,689 2014,688 2122,686 2230,686 2338,684 2446,682"/>
                <Word id="r1l5_w1" custom="readingOrder {index:0;}">
                    <Coords points="272,671 272,731 366,731 366,671"/>
                    <TextEquiv>
                        <Unicode>das</Unicode>
                    </TextEquiv>
                </Word>
                <Word id="r1l5_w2" custom="readingOrder {index:1;}">
                    <Coords points="408,665 408,725 775,725 775,665"/>
                    <TextEquiv>
                        <Unicode>norddeutsche</Unicode>
                    </TextEquiv>
                </Word>
                <Word id="r1l5_w3" custom="readingOrder {index:2;}">
                    <Coords points="809,659 809,719 1064,719 1064,659"/>
                    <TextEquiv>
                        <Unicode>Publikum</Unicode>
                    </TextEquiv>
                </Word>
                <Word id="r1l5_w4" custom="readingOrder {index:3;}">
                    <Coords points="1133,656 1133,716 1286,716 1286,656"/>
                    <TextEquiv>
                        <Unicode>trotz</Unicode>
                    </TextEquiv>
                </Word>
                <Word id="r1l5_w5" custom="readingOrder {index:4;}">
                    <Coords points="1329,654 1329,714 1533,714 1533,654"/>
                    <TextEquiv>
                        <Unicode>einiger</Unicode>
                    </TextEquiv>
                </Word>
                <Word id="r1l5_w6" custom="readingOrder {index:5;}">
                    <Coords points="1576,650 1576,710 2010,710 2010,650"/>
                    <TextEquiv>
                        <Unicode>Bühnenerfolge</Unicode>
                    </TextEquiv>
                </Word>
                <Word id="r1l5_w7" custom="readingOrder {index:6;}">
                    <Coords points="2044,646 2044,706 2275,706 2275,646"/>
                    <TextEquiv>
                        <Unicode>ziemlich</Unicode>
                    </TextEquiv>
                </Word>
                <Word id="r1l5_w8" custom="readingOrder {index:7;}">
                    <Coords points="2317,643 2317,703 2445,703 2445,643"/>
                    <TextEquiv>
                        <Unicode>ver¬</Unicode>
                    </TextEquiv>
                </Word>
                <TextEquiv>
                    <Unicode>das norddeutsche Publikum trotz einiger Bühnenerfolge ziemlich ver¬</Unicode>
                </TextEquiv>
            </TextLine>
            <TextLine id="r1l6" custom="readingOrder {index:5;} work {offset:39; length:31; continued:true;}">
                <Coords points="295,803 2443,777 2308,689 294,729"/>
                <Baseline points="308,788 414,787 520,786 626,784 732,782 838,780 944,778 1050,777 1156,776 1262,774 1369,772 1475,771 1581,770 1687,768 1793,767 1899,766 2005,764 2111,764 2217,762 2323,762 2430,762"/>
                <Word id="r1l6_w1" custom="readingOrder {index:0;}">
                    <Coords points="292,746 292,806 603,806 603,746"/>
                    <TextEquiv>
                        <Unicode>ständnißlos</Unicode>
                    </TextEquiv>
                </Word>
                <Word id="r1l6_w2" custom="readingOrder {index:1;}">
                    <Coords points="646,739 646,799 1104,799 1104,739"/>
                    <TextEquiv>
                        <Unicode>gegenübersteht.</Unicode>
                    </TextEquiv>
                </Word>
                <Word id="r1l6_w3" custom="readingOrder {index:2;}">
                    <Coords points="1156,733 1156,793 1424,793 1424,733"/>
                    <TextEquiv>
                        <Unicode>Freilich,</Unicode>
                    </TextEquiv>
                </Word>
                <Word id="r1l6_w4" custom="readingOrder {index:3;}">
                    <Coords points="1459,730 1459,790 1588,790 1588,730"/>
                    <TextEquiv>
                        <Unicode>„wer</Unicode>
                    </TextEquiv>
                </Word>
                <Word id="r1l6_w5" custom="readingOrder {index:4;}">
                    <Coords points="1632,728 1632,788 1718,788 1718,728"/>
                    <TextEquiv>
                        <Unicode>den</Unicode>
                    </TextEquiv>
                </Word>
                <Word id="r1l6_w6" custom="readingOrder {index:5;}">
                    <Coords points="1753,726 1753,786 1969,786 1969,726"/>
                    <TextEquiv>
                        <Unicode>Dichter</Unicode>
                    </TextEquiv>
                </Word>
                <Word id="r1l6_w7" custom="readingOrder {index:6;}">
                    <Coords points="2003,724 2003,784 2124,784 2124,724"/>
                    <TextEquiv>
                        <Unicode>will</Unicode>
                    </TextEquiv>
                </Word>
                <Word id="r1l6_w8" custom="readingOrder {index:7;}">
                    <Coords points="2159,722 2159,782 2444,782 2444,722"/>
                    <TextEquiv>
                        <Unicode>verstehen,</Unicode>
                    </TextEquiv>
                </Word>
                <TextEquiv>
                    <Unicode>ständnißlos gegenübersteht. Freilich, »wer den Dichter will verstehen,</Unicode>
                </TextEquiv>
            </TextLine>
            <TextLine id="r1l7" custom="readingOrder {index:6;} work {offset:0; length:28; continued:true;}">
                <Coords points="294,883 2461,850 2301,775 293,817"/>
                <Baseline points="308,868 414,866 521,864 628,862 735,860 842,858 949,856 1056,854 1163,852 1270,850 1377,850 1483,848 1590,846 1697,844 1804,844 1911,842 2018,842 2125,841 2232,840 2339,840 2446,840"/>
                <Word id="r1l7_w1" custom="readingOrder {index:0;}">
                    <Coords points="291,827 291,887 391,887 391,827"/>
                    <TextEquiv>
                        <Unicode>muß</Unicode>
                    </TextEquiv>
                </Word>
                <Word id="r1l7_w2" custom="readingOrder {index:1;}">
                    <Coords points="442,825 442,885 492,885 492,825"/>
                    <TextEquiv>
                        <Unicode>in</Unicode>
                    </TextEquiv>
                </Word>
                <Word id="r1l7_w3" custom="readingOrder {index:2;}">
                    <Coords points="534,821 534,881 777,881 777,821"/>
                    <TextEquiv>
                        <Unicode>Dichters</Unicode>
                    </TextEquiv>
                </Word>
                <Word id="r1l7_w4" custom="readingOrder {index:3;}">
                    <Coords points="819,816 819,876 1012,876 1012,816"/>
                    <TextEquiv>
                        <Unicode>Lande</Unicode>
                    </TextEquiv>
                </Word>
                <Word id="r1l7_w5" custom="readingOrder {index:4;}">
                    <Coords points="1062,811 1062,871 1280,871 1280,811"/>
                    <TextEquiv>
                        <Unicode>gehen,“</Unicode>
                    </TextEquiv>
                </Word>
                <Word id="r1l7_w6" custom="readingOrder {index:5;}">
                    <Coords points="1314,810 1314,870 1389,870 1389,810"/>
                    <TextEquiv>
                        <Unicode>er</Unicode>
                    </TextEquiv>
                </Word>
                <Word id="r1l7_w7" custom="readingOrder {index:6;}">
                    <Coords points="1439,807 1439,867 1574,867 1574,807"/>
                    <TextEquiv>
                        <Unicode>muß</Unicode>
                    </TextEquiv>
                </Word>
                <Word id="r1l7_w8" custom="readingOrder {index:7;}">
                    <Coords points="1632,804 1632,864 1724,864 1724,804"/>
                    <TextEquiv>
                        <Unicode>ihn</Unicode>
                    </TextEquiv>
                </Word>
                <Word id="r1l7_w9" custom="readingOrder {index:8;}">
                    <Coords points="1783,803 1783,863 1892,863 1892,803"/>
                    <TextEquiv>
                        <Unicode>mit</Unicode>
                    </TextEquiv>
                </Word>
                <Word id="r1l7_w10" custom="readingOrder {index:9;}">
                    <Coords points="1934,802 1934,862 2026,862 2026,802"/>
                    <TextEquiv>
                        <Unicode>dem</Unicode>
                    </TextEquiv>
                </Word>
                <Word id="r1l7_w11" custom="readingOrder {index:10;}">
                    <Coords points="2093,800 2093,860 2320,860 2320,800"/>
                    <TextEquiv>
                        <Unicode>Gemüth</Unicode>
                    </TextEquiv>
                </Word>
                <Word id="r1l7_w12" custom="readingOrder {index:11;}">
                    <Coords points="2362,800 2362,860 2445,860 2445,800"/>
                    <TextEquiv>
                        <Unicode>er¬</Unicode>
                    </TextEquiv>
                </Word>
                <TextEquiv>
                    <Unicode>muß in Dichters Lande gehen,« er muß ihn mit dem Gemüth er¬</Unicode>
                </TextEquiv>
            </TextLine>
            <TextLine id="r1l8" custom="readingOrder {index:7;}">
                <Coords points="291,954 2461,936 2397,849 290,880"/>
                <Baseline points="304,944 411,942 518,941 625,940 732,938 839,936 946,934 1053,932 1160,930 1267,930 1375,928 1482,926 1589,926 1696,924 1803,923 1910,922 2017,922 2124,920 2231,920 2338,920 2446,920"/>
                <Word id="r1l8_w1" custom="readingOrder {index:0;}">
                    <Coords points="288,902 288,962 462,962 462,902"/>
                    <TextEquiv>
                        <Unicode>fassen.</Unicode>
                    </TextEquiv>
                </Word>
                <Word id="r1l8_w2" custom="readingOrder {index:1;}">
                    <Coords points="504,900 504,960 653,960 653,900"/>
                    <TextEquiv>
                        <Unicode>Dazu</Unicode>
                    </TextEquiv>
                </Word>
                <Word id="r1l8_w3" custom="readingOrder {index:2;}">
                    <Coords points="703,897 703,957 794,957 794,897"/>
                    <TextEquiv>
                        <Unicode>den</Unicode>
                    </TextEquiv>
                </Word>
                <Word id="r1l8_w4" custom="readingOrder {index:3;}">
                    <Coords points="827,895 827,955 952,955 952,895"/>
                    <TextEquiv>
                        <Unicode>Weg</Unicode>
                    </TextEquiv>
                </Word>
                <Word id="r1l8_w5" custom="readingOrder {index:4;}">
                    <Coords points="1002,892 1002,952 1051,952 1051,892"/>
                    <TextEquiv>
                        <Unicode>zu</Unicode>
                    </TextEquiv>
                </Word>
                <Word id="r1l8_w6" custom="readingOrder {index:5;}">
                    <Coords points="1101,890 1101,950 1309,950 1309,890"/>
                    <TextEquiv>
                        <Unicode>zeigen,</Unicode>
                    </TextEquiv>
                </Word>
                <Word id="r1l8_w7" custom="readingOrder {index:6;}">
                    <Coords points="1317,887 1317,947 1508,947 1508,887"/>
                    <TextEquiv>
                        <Unicode>gelang</Unicode>
                    </TextEquiv>
                </Word>
                <Word id="r1l8_w8" custom="readingOrder {index:7;}">
                    <Coords points="1549,885 1549,945 1641,945 1641,885"/>
                    <TextEquiv>
                        <Unicode>der</Unicode>
                    </TextEquiv>
                </Word>
                <Word id="r1l8_w9" custom="readingOrder {index:8;}">
                    <Coords points="1674,882 1674,942 2072,942 2072,882"/>
                    <TextEquiv>
                        <Unicode>Vortragenden</Unicode>
                    </TextEquiv>
                </Word>
                <Word id="r1l8_w10" custom="readingOrder {index:9;}">
                    <Coords points="2114,880 2114,940 2462,940 2462,880"/>
                    <TextEquiv>
                        <Unicode>vortrefflich.</Unicode>
                    </TextEquiv>
                </Word>
                <TextEquiv>
                    <Unicode>fassen. Dazu den Weg zu zeigen, gelang der Vortragenden vortrefflich.</Unicode>
                </TextEquiv>
            </TextLine>
            <TextLine id="r1l9" custom="readingOrder {index:8;} place {offset:11; length:4;} place {offset:58; length:4;}">
                <Coords points="289,1050 2451,1015 2450,936 2354,931 288,962"/>
                <Baseline points="304,1022 410,1020 517,1018 623,1016 730,1014 837,1012 943,1011 1050,1010 1156,1008 1263,1006 1370,1005 1476,1004 1583,1002 1689,1002 1796,1000 1903,1000 2009,998 2116,998 2222,996 2329,996 2436,996"/>
                <Word id="r1l9_w1" custom="readingOrder {index:0;}">
                    <Coords points="286,980 286,1040 471,1040 471,980"/>
                    <TextEquiv>
                        <Unicode>Selber</Unicode>
                    </TextEquiv>
                </Word>
                <Word id="r1l9_w2" custom="readingOrder {index:1;}">
                    <Coords points="513,977 513,1037 588,1037 588,977"/>
                    <TextEquiv>
                        <Unicode>ein</Unicode>
                    </TextEquiv>
                </Word>
                <Word id="r1l9_w3" custom="readingOrder {index:2;}">
                    <Coords points="639,973 639,1033 848,1033 848,973"/>
                    <TextEquiv>
                        <Unicode>Wiener</Unicode>
                    </TextEquiv>
                </Word>
                <Word id="r1l9_w4" custom="readingOrder {index:3;}">
                    <Coords points="882,970 882,1030 1058,1030 1058,970"/>
                    <TextEquiv>
                        <Unicode>Kind,</Unicode>
                    </TextEquiv>
                </Word>
                <Word id="r1l9_w5" custom="readingOrder {index:4;}">
                    <Coords points="1084,968 1084,1028 1184,1028 1184,968"/>
                    <TextEquiv>
                        <Unicode>hat</Unicode>
                    </TextEquiv>
                </Word>
                <Word id="r1l9_w6" custom="readingOrder {index:5;}">
                    <Coords points="1226,965 1226,1025 1302,1025 1302,965"/>
                    <TextEquiv>
                        <Unicode>sie</Unicode>
                    </TextEquiv>
                </Word>
                <Word id="r1l9_w7" custom="readingOrder {index:6;}">
                    <Coords points="1344,965 1344,1025 1394,1025 1394,965"/>
                    <TextEquiv>
                        <Unicode>in</Unicode>
                    </TextEquiv>
                </Word>
                <Word id="r1l9_w8" custom="readingOrder {index:7;}">
                    <Coords points="1445,963 1445,1023 1537,1023 1537,963"/>
                    <TextEquiv>
                        <Unicode>dem</Unicode>
                    </TextEquiv>
                </Word>
                <Word id="r1l9_w9" custom="readingOrder {index:8;}">
                    <Coords points="1596,961 1596,1021 1797,1021 1797,961"/>
                    <TextEquiv>
                        <Unicode>Milien</Unicode>
                    </TextEquiv>
                </Word>
                <Word id="r1l9_w10" custom="readingOrder {index:9;}">
                    <Coords points="1839,960 1839,1020 1932,1020 1932,960"/>
                    <TextEquiv>
                        <Unicode>des</Unicode>
                    </TextEquiv>
                </Word>
                <Word id="r1l9_w11" custom="readingOrder {index:10;}">
                    <Coords points="1982,956 1982,1016 2444,1016 2444,956"/>
                    <TextEquiv>
                        <Unicode>„Jungen=Wien“</Unicode>
                    </TextEquiv>
                </Word>
                <TextEquiv>
                    <Unicode>Selber ein Wiener Kind, hat sie in dem Milieu des »Jungen-Wien«</Unicode>
                </TextEquiv>
            </TextLine>
            <TextLine id="r1l10" custom="readingOrder {index:9;}">
                <Coords points="287,1124 2265,1106 2462,1095 2461,1011 286,1050"/>
                <Baseline points="300,1102 407,1100 514,1097 622,1094 729,1092 837,1090 944,1088 1051,1086 1159,1086 1266,1084 1374,1082 1481,1082 1588,1080 1696,1080 1803,1078 1911,1078 2018,1078 2125,1076 2233,1076 2340,1076 2448,1076"/>
                <Word id="r1l10_w1" custom="readingOrder {index:0;}">
                    <Coords points="284,1060 284,1120 474,1120 474,1060"/>
                    <TextEquiv>
                        <Unicode>gelebt,</Unicode>
                    </TextEquiv>
                </Word>
                <Word id="r1l10_w2" custom="readingOrder {index:1;}">
                    <Coords points="498,1055 498,1115 606,1115 606,1055"/>
                    <TextEquiv>
                        <Unicode>und</Unicode>
                    </TextEquiv>
                </Word>
                <Word id="r1l10_w3" custom="readingOrder {index:2;}">
                    <Coords points="639,1052 639,1112 754,1112 754,1052"/>
                    <TextEquiv>
                        <Unicode>mit</Unicode>
                    </TextEquiv>
                </Word>
                <Word id="r1l10_w4" custom="readingOrder {index:3;}">
                    <Coords points="779,1048 779,1108 1019,1108 1019,1048"/>
                    <TextEquiv>
                        <Unicode>wenigen</Unicode>
                    </TextEquiv>
                </Word>
                <Word id="r1l10_w5" custom="readingOrder {index:4;}">
                    <Coords points="1076,1046 1076,1106 1241,1106 1241,1046"/>
                    <TextEquiv>
                        <Unicode>feinen</Unicode>
                    </TextEquiv>
                </Word>
                <Word id="r1l10_w6" custom="readingOrder {index:5;}">
                    <Coords points="1291,1042 1291,1102 1530,1102 1530,1042"/>
                    <TextEquiv>
                        <Unicode>Strichen</Unicode>
                    </TextEquiv>
                </Word>
                <Word id="r1l10_w7" custom="readingOrder {index:6;}">
                    <Coords points="1580,1039 1580,1099 1869,1099 1869,1039"/>
                    <TextEquiv>
                        <Unicode>vermochte</Unicode>
                    </TextEquiv>
                </Word>
                <Word id="r1l10_w8" custom="readingOrder {index:7;}">
                    <Coords points="1918,1038 1918,1098 1993,1098 1993,1038"/>
                    <TextEquiv>
                        <Unicode>sie</Unicode>
                    </TextEquiv>
                </Word>
                <Word id="r1l10_w9" custom="readingOrder {index:8;}">
                    <Coords points="2042,1036 2042,1096 2125,1096 2125,1036"/>
                    <TextEquiv>
                        <Unicode>die</Unicode>
                    </TextEquiv>
                </Word>
                <Word id="r1l10_w10" custom="readingOrder {index:9;}">
                    <Coords points="2183,1036 2183,1096 2447,1096 2447,1036"/>
                    <TextEquiv>
                        <Unicode>Eigenart</Unicode>
                    </TextEquiv>
                </Word>
                <TextEquiv>
                    <Unicode>gelebt, und mit wenigen feinen Strichen vermochte sie die Eigenart</Unicode>
                </TextEquiv>
            </TextLine>
            <TextLine id="r1l11" custom="readingOrder {index:10;} person {offset:29; length:12;}">
                <Coords points="277,1192 2398,1178 2449,1090 276,1124"/>
                <Baseline points="292,1180 399,1178 506,1175 613,1173 720,1171 828,1169 935,1168 1042,1166 1149,1164 1256,1162 1364,1162 1471,1160 1578,1160 1685,1158 1792,1158 1900,1156 2007,1156 2114,1155 2221,1154 2328,1154 2436,1154"/>
                <Word id="r1l11_w1" custom="readingOrder {index:0;}">
                    <Coords points="274,1138 274,1198 440,1198 440,1138"/>
                    <TextEquiv>
                        <Unicode>dieses</Unicode>
                    </TextEquiv>
                </Word>
                <Word id="r1l11_w2" custom="readingOrder {index:1;}">
                    <Coords points="475,1133 475,1193 676,1193 676,1133"/>
                    <TextEquiv>
                        <Unicode>Kreises</Unicode>
                    </TextEquiv>
                </Word>
                <Word id="r1l11_w3" custom="readingOrder {index:2;}">
                    <Coords points="720,1130 720,1190 781,1190 781,1130"/>
                    <TextEquiv>
                        <Unicode>zu</Unicode>
                    </TextEquiv>
                </Word>
                <Word id="r1l11_w4" custom="readingOrder {index:3;}">
                    <Coords points="807,1127 807,1187 1113,1187 1113,1127"/>
                    <TextEquiv>
                        <Unicode>skizziren:</Unicode>
                    </TextEquiv>
                </Word>
                <Word id="r1l11_w5" custom="readingOrder {index:4;}">
                    <Coords points="1140,1121 1140,1181 1603,1181 1603,1121"/>
                    <TextEquiv>
                        <Unicode>Hofmannsthal,</Unicode>
                    </TextEquiv>
                </Word>
                <Word id="r1l11_w6" custom="readingOrder {index:5;}">
                    <Coords points="1620,1118 1620,1178 1717,1178 1717,1118"/>
                    <TextEquiv>
                        <Unicode>der</Unicode>
                    </TextEquiv>
                </Word>
                <Word id="r1l11_w7" custom="readingOrder {index:6;}">
                    <Coords points="1751,1116 1751,1176 2084,1176 2084,1116"/>
                    <TextEquiv>
                        <Unicode>zartsinnige</Unicode>
                    </TextEquiv>
                </Word>
                <Word id="r1l11_w8" custom="readingOrder {index:7;}">
                    <Coords points="2110,1114 2110,1174 2451,1174 2451,1114"/>
                    <TextEquiv>
                        <Unicode>Symbolist,</Unicode>
                    </TextEquiv>
                </Word>
                <TextEquiv>
                    <Unicode>dieses Kreises zu skizziren: Hofmannsthal, der zartsinnige Symbolist,</Unicode>
                </TextEquiv>
            </TextLine>
            <TextLine id="line_1655444288833_883" custom="readingOrder {index:11;} person {offset:0; length:4;} person {offset:21; length:10;} person {offset:47; length:9;}">
                <Coords points="281,1269 2454,1245 2453,1174 2116,1150 280,1192"/>
                <Baseline points="296,1258 359,1256 423,1254 486,1252 550,1252 613,1250 677,1248 740,1248 804,1246 867,1246 931,1244 994,1244 1058,1242 1121,1242 1185,1240 1248,1240 1312,1239 1375,1238 1439,1238 1502,1236 1566,1236 1622,1238 1662,1238 1703,1238 1744,1236 1785,1236 1826,1236 1867,1234 1908,1234 1949,1232 1990,1232 2031,1232 2071,1230 2112,1230 2153,1230 2194,1230 2235,1230 2276,1230 2317,1230 2358,1230 2399,1230 2440,1232"/>
                <Word id="line_1655444288833_883_w1" custom="readingOrder {index:0;}">
                    <Coords points="278,1215 278,1275 460,1275 460,1215"/>
                    <TextEquiv>
                        <Unicode>Bahr,</Unicode>
                    </TextEquiv>
                </Word>
                <Word id="line_1655444288833_883_w2" custom="readingOrder {index:1;}">
                    <Coords points="503,1211 503,1271 606,1271 606,1211"/>
                    <TextEquiv>
                        <Unicode>der</Unicode>
                    </TextEquiv>
                </Word>
                <Word id="line_1655444288833_883_w3" custom="readingOrder {index:2;}">
                    <Coords points="675,1206 675,1266 986,1266 986,1206"/>
                    <TextEquiv>
                        <Unicode>Satiriker,</Unicode>
                    </TextEquiv>
                </Word>
                <Word id="line_1655444288833_883_w4" custom="readingOrder {index:3;}">
                    <Coords points="1038,1200 1038,1260 1341,1260 1341,1200"/>
                    <TextEquiv>
                        <Unicode>Hirschfeld,</Unicode>
                    </TextEquiv>
                </Word>
                <Word id="line_1655444288833_883_w5" custom="readingOrder {index:4;}">
                    <Coords points="1436,1196 1436,1256 1539,1256 1539,1196"/>
                    <TextEquiv>
                        <Unicode>der</Unicode>
                    </TextEquiv>
                </Word>
                <Word id="line_1655444288833_883_w6" custom="readingOrder {index:5;}">
                    <Coords points="1591,1196 1591,1256 1911,1256 1911,1196"/>
                    <TextEquiv>
                        <Unicode>Humorist,</Unicode>
                    </TextEquiv>
                </Word>
                <Word id="line_1655444288833_883_w7" custom="readingOrder {index:6;}">
                    <Coords points="1954,1190 1954,1250 2291,1250 2291,1190"/>
                    <TextEquiv>
                        <Unicode>Altenberg,</Unicode>
                    </TextEquiv>
                </Word>
                <Word id="line_1655444288833_883_w8" custom="readingOrder {index:7;}">
                    <Coords points="2351,1190 2351,1250 2438,1250 2438,1190"/>
                    <TextEquiv>
                        <Unicode>der</Unicode>
                    </TextEquiv>
                </Word>
                <TextEquiv>
                    <Unicode>Bahr, der Satiriker, Hirschfeld, der Humorist, Altenberg, der</Unicode>
                </TextEquiv>
            </TextLine>
            <TextLine id="line_1655444292978_888" custom="readingOrder {index:12;} person {offset:39; length:10;}">
                <Coords points="286,1354 2447,1322 2446,1249 2304,1234 285,1269"/>
                <Baseline points="300,1332 364,1330 428,1330 493,1330 557,1328 622,1328 686,1326 750,1326 815,1324 879,1324 944,1322 1008,1322 1072,1320 1137,1320 1201,1318 1266,1318 1330,1316 1394,1316 1459,1314 1523,1314 1588,1312 1622,1310 1662,1311 1703,1312 1743,1312 1784,1312 1825,1312 1865,1311 1906,1310 1946,1310 1987,1310 2028,1308 2068,1308 2109,1306 2149,1306 2190,1306 2231,1306 2271,1306 2312,1306 2352,1306 2393,1306 2434,1306"/>
                <Word id="line_1655444292978_888_w1" custom="readingOrder {index:0;}">
                    <Coords points="283,1290 283,1350 513,1350 513,1290"/>
                    <TextEquiv>
                        <Unicode>sensitive</Unicode>
                    </TextEquiv>
                </Word>
                <Word id="line_1655444292978_888_w2" custom="readingOrder {index:1;}">
                    <Coords points="573,1284 573,1344 1161,1344 1161,1284"/>
                    <TextEquiv>
                        <Unicode>Stimmungsmensch,</Unicode>
                    </TextEquiv>
                </Word>
                <Word id="line_1655444292978_888_w3" custom="readingOrder {index:2;}">
                    <Coords points="1204,1278 1204,1338 1306,1338 1306,1278"/>
                    <TextEquiv>
                        <Unicode>und</Unicode>
                    </TextEquiv>
                </Word>
                <Word id="line_1655444292978_888_w4" custom="readingOrder {index:3;}">
                    <Coords points="1366,1274 1366,1334 1562,1334 1562,1274"/>
                    <TextEquiv>
                        <Unicode>endlich</Unicode>
                    </TextEquiv>
                </Word>
                <Word id="line_1655444292978_888_w5" custom="readingOrder {index:4;}">
                    <Coords points="1630,1272 1630,1332 1945,1332 1945,1272"/>
                    <TextEquiv>
                        <Unicode>Schnitzler,</Unicode>
                    </TextEquiv>
                </Word>
                <Word id="line_1655444292978_888_w6" custom="readingOrder {index:5;}">
                    <Coords points="1988,1268 1988,1328 2090,1328 2090,1268"/>
                    <TextEquiv>
                        <Unicode>der</Unicode>
                    </TextEquiv>
                </Word>
                <Word id="line_1655444292978_888_w7" custom="readingOrder {index:6;}">
                    <Coords points="2133,1266 2133,1326 2448,1326 2448,1266"/>
                    <TextEquiv>
                        <Unicode>potenzirte</Unicode>
                    </TextEquiv>
                </Word>
                <TextEquiv>
                    <Unicode>sensitive Stimmungsmensch, und endlich Schnitzler, der potenzirte</Unicode>
                </TextEquiv>
            </TextLine>
            <TextLine id="line_1655444297292_894" custom="readingOrder {index:13;} place {offset:0; length:11;}">
                <Coords points="279,1421 2463,1396 2420,1323 278,1353"/>
                <Baseline points="294,1410 320,1412 346,1412 372,1412 398,1412 424,1410 450,1410 476,1410 502,1410 528,1410 554,1410 580,1410 606,1410 632,1410 658,1410 684,1412 722,1406 767,1405 813,1402 858,1400 904,1398 950,1398 995,1398 1041,1396 1086,1396 1132,1396 1178,1396 1223,1396 1269,1396 1314,1396 1360,1396 1406,1396 1451,1395 1497,1394 1542,1392 1588,1391 1634,1390 1716,1388 1752,1386 1789,1386 1826,1386 1862,1386 1899,1384 1936,1384 1972,1384 2009,1384 2046,1384 2083,1384 2119,1384 2156,1384 2193,1384 2229,1384 2266,1382 2303,1382 2339,1382 2376,1382 2413,1382 2450,1382"/>
                <Word id="line_1655444297292_894_w1" custom="readingOrder {index:0;}">
                    <Coords points="276,1370 276,1430 690,1430 690,1370"/>
                    <TextEquiv>
                        <Unicode>Oesterreicher.</Unicode>
                    </TextEquiv>
                </Word>
                <Word id="line_1655444297292_894_w2" custom="readingOrder {index:1;}">
                    <Coords points="784,1360 784,1420 888,1420 888,1360"/>
                    <TextEquiv>
                        <Unicode>Sie</Unicode>
                    </TextEquiv>
                </Word>
                <Word id="line_1655444297292_894_w3" custom="readingOrder {index:2;}">
                    <Coords points="957,1357 957,1417 1069,1417 1069,1357"/>
                    <TextEquiv>
                        <Unicode>sind</Unicode>
                    </TextEquiv>
                </Word>
                <Word id="line_1655444297292_894_w4" custom="readingOrder {index:3;}">
                    <Coords points="1129,1356 1129,1416 1439,1416 1439,1356"/>
                    <TextEquiv>
                        <Unicode>Realisten,</Unicode>
                    </TextEquiv>
                </Word>
                <Word id="line_1655444297292_894_w5" custom="readingOrder {index:4;}">
                    <Coords points="1499,1351 1499,1411 1628,1411 1628,1351"/>
                    <TextEquiv>
                        <Unicode>aber</Unicode>
                    </TextEquiv>
                </Word>
                <Word id="line_1655444297292_894_w6" custom="readingOrder {index:5;}">
                    <Coords points="1689,1346 1689,1406 1835,1406 1835,1346"/>
                    <TextEquiv>
                        <Unicode>keine</Unicode>
                    </TextEquiv>
                </Word>
                <Word id="line_1655444297292_894_w7" custom="readingOrder {index:6;}">
                    <Coords points="1904,1344 1904,1404 2007,1404 2007,1344"/>
                    <TextEquiv>
                        <Unicode>von</Unicode>
                    </TextEquiv>
                </Word>
                <Word id="line_1655444297292_894_w8" custom="readingOrder {index:7;}">
                    <Coords points="2076,1344 2076,1404 2180,1404 2180,1344"/>
                    <TextEquiv>
                        <Unicode>der</Unicode>
                    </TextEquiv>
                </Word>
                <Word id="line_1655444297292_894_w9" custom="readingOrder {index:8;}">
                    <Coords points="2231,1342 2231,1402 2429,1402 2429,1342"/>
                    <TextEquiv>
                        <Unicode>derben</Unicode>
                    </TextEquiv>
                </Word>
                <TextEquiv>
                    <Unicode>Oesterreicher. Sie sind Realisten, aber keine von der derben</Unicode>
                </TextEquiv>
            </TextLine>
            <TextLine id="line_1655444301338_900" custom="readingOrder {index:14;} place {offset:35; length:12;}">
                <Coords points="292,1509 2149,1437 2253,1491 2467,1474 2466,1411 290,1424"/>
                <Baseline points="304,1486 362,1484 421,1484 479,1484 538,1484 597,1482 655,1482 714,1482 772,1480 831,1480 890,1479 948,1478 1007,1476 1065,1476 1124,1474 1183,1474 1241,1472 1300,1472 1358,1470 1417,1470 1476,1468 1520,1466 1545,1466 1570,1466 1595,1466 1620,1466 1708,1466 1745,1466 1782,1464 1819,1464 1856,1464 1894,1464 1931,1464 1968,1464 2005,1462 2042,1462 2080,1462 2117,1462 2154,1462 2191,1462 2228,1460 2266,1460 2303,1460 2340,1460 2377,1458 2414,1458 2452,1458"/>
                <Word id="line_1655444301338_900_w1" custom="readingOrder {index:0;}">
                    <Coords points="289,1444 289,1504 480,1504 480,1444"/>
                    <TextEquiv>
                        <Unicode>Sorte,</Unicode>
                    </TextEquiv>
                </Word>
                <Word id="line_1655444301338_900_w2" custom="readingOrder {index:1;}">
                    <Coords points="544,1442 544,1502 635,1502 635,1442"/>
                    <TextEquiv>
                        <Unicode>die</Unicode>
                    </TextEquiv>
                </Word>
                <Word id="line_1655444301338_900_w3" custom="readingOrder {index:2;}">
                    <Coords points="708,1439 708,1499 963,1499 963,1439"/>
                    <TextEquiv>
                        <Unicode>Heimath</Unicode>
                    </TextEquiv>
                </Word>
                <Word id="line_1655444301338_900_w4" custom="readingOrder {index:3;}">
                    <Coords points="1045,1434 1045,1494 1200,1494 1200,1434"/>
                    <TextEquiv>
                        <Unicode>ihrer</Unicode>
                    </TextEquiv>
                </Word>
                <Word id="line_1655444301338_900_w5" custom="readingOrder {index:4;}">
                    <Coords points="1282,1430 1282,1490 1455,1490 1455,1430"/>
                    <TextEquiv>
                        <Unicode>Seele</Unicode>
                    </TextEquiv>
                </Word>
                <Word id="line_1655444301338_900_w6" custom="readingOrder {index:5;}">
                    <Coords points="1538,1426 1538,1486 1620,1486 1620,1426"/>
                    <TextEquiv>
                        <Unicode>ist</Unicode>
                    </TextEquiv>
                </Word>
                <Word id="line_1655444301338_900_w7" custom="readingOrder {index:6;}">
                    <Coords points="1674,1424 1674,1484 2112,1484 2112,1424"/>
                    <TextEquiv>
                        <Unicode>Griechenland,</Unicode>
                    </TextEquiv>
                </Word>
                <Word id="line_1655444301338_900_w8" custom="readingOrder {index:7;}">
                    <Coords points="2167,1420 2167,1480 2258,1480 2258,1420"/>
                    <TextEquiv>
                        <Unicode>sie</Unicode>
                    </TextEquiv>
                </Word>
                <Word id="line_1655444301338_900_w9" custom="readingOrder {index:8;}">
                    <Coords points="2312,1418 2312,1478 2440,1478 2440,1418"/>
                    <TextEquiv>
                        <Unicode>sind</Unicode>
                    </TextEquiv>
                </Word>
                <TextEquiv>
                    <Unicode>Sorte, die Heimath ihrer Seele ist Griechenland, sie sind</Unicode>
                </TextEquiv>
            </TextLine>
            <TextLine id="r1l22" custom="readingOrder {index:15;}">
                <Coords points="290,1577 2372,1567 2448,1473 289,1509"/>
                <Baseline points="304,1564 410,1564 517,1562 623,1562 730,1560 837,1558 943,1556 1050,1554 1156,1552 1263,1550 1370,1548 1476,1546 1583,1544 1689,1542 1796,1540 1903,1540 2009,1538 2116,1538 2222,1536 2329,1536 2436,1536"/>
                <Word id="r1l22_w1" custom="readingOrder {index:0;}">
                    <Coords points="287,1522 287,1582 784,1582 784,1522"/>
                    <TextEquiv>
                        <Unicode>Schönheitssucher.</Unicode>
                    </TextEquiv>
                </Word>
                <Word id="r1l22_w2" custom="readingOrder {index:1;}">
                    <Coords points="881,1515 881,1575 1023,1575 1023,1515"/>
                    <TextEquiv>
                        <Unicode>Ihre</Unicode>
                    </TextEquiv>
                </Word>
                <Word id="r1l22_w3" custom="readingOrder {index:2;}">
                    <Coords points="1076,1511 1076,1571 1262,1571 1262,1511"/>
                    <TextEquiv>
                        <Unicode>Poesie</Unicode>
                    </TextEquiv>
                </Word>
                <Word id="r1l22_w4" custom="readingOrder {index:3;}">
                    <Coords points="1315,1508 1315,1568 1386,1568 1386,1508"/>
                    <TextEquiv>
                        <Unicode>ist</Unicode>
                    </TextEquiv>
                </Word>
                <Word id="r1l22_w5" custom="readingOrder {index:4;}">
                    <Coords points="1439,1505 1439,1565 1555,1565 1555,1505"/>
                    <TextEquiv>
                        <Unicode>eine</Unicode>
                    </TextEquiv>
                </Word>
                <Word id="r1l22_w6" custom="readingOrder {index:5;}">
                    <Coords points="1608,1500 1608,1560 1891,1560 1891,1500"/>
                    <TextEquiv>
                        <Unicode>Mischung</Unicode>
                    </TextEquiv>
                </Word>
                <Word id="r1l22_w7" custom="readingOrder {index:6;}">
                    <Coords points="1953,1498 1953,1558 2060,1558 2060,1498"/>
                    <TextEquiv>
                        <Unicode>aus</Unicode>
                    </TextEquiv>
                </Word>
                <Word id="r1l22_w8" custom="readingOrder {index:7;}">
                    <Coords points="2113,1496 2113,1556 2450,1556 2450,1496"/>
                    <TextEquiv>
                        <Unicode>romanisch¬</Unicode>
                    </TextEquiv>
                </Word>
                <TextEquiv>
                    <Unicode>Schönheitssucher. Ihre Poesie ist eine Mischung aus romanisch¬</Unicode>
                </TextEquiv>
            </TextLine>
            <TextLine id="r1l23" custom="readingOrder {index:16;} place {offset:56; length:11;}">
                <Coords points="291,1660 2442,1643 2460,1553 290,1586"/>
                <Baseline points="304,1640 411,1640 518,1638 625,1638 732,1636 840,1634 947,1634 1054,1632 1161,1630 1268,1628 1376,1626 1483,1624 1590,1622 1697,1622 1804,1620 1912,1618 2019,1617 2126,1616 2233,1615 2340,1614 2448,1614"/>
                <Word id="r1l23_w1" custom="readingOrder {index:0;}">
                    <Coords points="288,1598 288,1658 918,1658 918,1598"/>
                    <TextEquiv>
                        <Unicode>slawisch=orientalischen</Unicode>
                    </TextEquiv>
                </Word>
                <Word id="r1l23_w2" custom="readingOrder {index:1;}">
                    <Coords points="987,1590 987,1650 1323,1650 1323,1590"/>
                    <TextEquiv>
                        <Unicode>Einflüssen,</Unicode>
                    </TextEquiv>
                </Word>
                <Word id="r1l23_w3" custom="readingOrder {index:2;}">
                    <Coords points="1366,1585 1366,1645 1470,1645 1470,1585"/>
                    <TextEquiv>
                        <Unicode>wie</Unicode>
                    </TextEquiv>
                </Word>
                <Word id="r1l23_w4" custom="readingOrder {index:3;}">
                    <Coords points="1530,1582 1530,1642 1599,1642 1599,1582"/>
                    <TextEquiv>
                        <Unicode>sie</Unicode>
                    </TextEquiv>
                </Word>
                <Word id="r1l23_w5" custom="readingOrder {index:4;}">
                    <Coords points="1651,1581 1651,1641 1755,1641 1755,1581"/>
                    <TextEquiv>
                        <Unicode>das</Unicode>
                    </TextEquiv>
                </Word>
                <Word id="r1l23_w6" custom="readingOrder {index:5;}">
                    <Coords points="1806,1577 1806,1637 2065,1637 2065,1577"/>
                    <TextEquiv>
                        <Unicode>moderne</Unicode>
                    </TextEquiv>
                </Word>
                <Word id="r1l23_w7" custom="readingOrder {index:6;}">
                    <Coords points="2117,1574 2117,1634 2436,1634 2436,1574"/>
                    <TextEquiv>
                        <Unicode>Oesterreich</Unicode>
                    </TextEquiv>
                </Word>
                <TextEquiv>
                    <Unicode>slawisch-orientalischen Einflüssen, wie sie das moderne Oesterreich</Unicode>
                </TextEquiv>
            </TextLine>
            <TextLine id="r1l24" custom="readingOrder {index:17;} place {offset:34; length:9;}">
                <Coords points="291,1739 2458,1702 2418,1626 2117,1608 290,1660"/>
                <Baseline points="304,1720 411,1718 518,1716 625,1714 732,1713 839,1712 946,1710 1053,1708 1160,1706 1267,1704 1374,1702 1481,1702 1588,1700 1695,1698 1802,1696 1909,1696 2016,1694 2123,1692 2230,1692 2337,1690 2444,1688"/>
                <Word id="r1l24_w1" custom="readingOrder {index:0;}">
                    <Coords points="288,1676 288,1736 670,1736 670,1676"/>
                    <TextEquiv>
                        <Unicode>kennzeichnen:</Unicode>
                    </TextEquiv>
                </Word>
                <Word id="r1l24_w2" custom="readingOrder {index:1;}">
                    <Coords points="727,1672 727,1732 833,1732 833,1672"/>
                    <TextEquiv>
                        <Unicode>Sie</Unicode>
                    </TextEquiv>
                </Word>
                <Word id="r1l24_w3" custom="readingOrder {index:2;}">
                    <Coords points="890,1669 890,1729 1052,1729 1052,1669"/>
                    <TextEquiv>
                        <Unicode>haben</Unicode>
                    </TextEquiv>
                </Word>
                <Word id="r1l24_w4" custom="readingOrder {index:3;}">
                    <Coords points="1109,1665 1109,1725 1288,1725 1288,1665"/>
                    <TextEquiv>
                        <Unicode>etwas</Unicode>
                    </TextEquiv>
                </Word>
                <Word id="r1l24_w5" custom="readingOrder {index:4;}">
                    <Coords points="1345,1662 1345,1722 1435,1722 1435,1662"/>
                    <TextEquiv>
                        <Unicode>den</Unicode>
                    </TextEquiv>
                </Word>
                <Word id="r1l24_w6" custom="readingOrder {index:5;}">
                    <Coords points="1508,1658 1508,1718 1801,1718 1801,1658"/>
                    <TextEquiv>
                        <Unicode>Franzosen</Unicode>
                    </TextEquiv>
                </Word>
                <Word id="r1l24_w7" custom="readingOrder {index:6;}">
                    <Coords points="1866,1653 1866,1713 2256,1713 2256,1653"/>
                    <TextEquiv>
                        <Unicode>Verwandtes.</Unicode>
                    </TextEquiv>
                </Word>
                <Word id="r1l24_w8" custom="readingOrder {index:7;}">
                    <Coords points="2329,1649 2329,1709 2451,1709 2451,1649"/>
                    <TextEquiv>
                        <Unicode>Wie</Unicode>
                    </TextEquiv>
                </Word>
                <TextEquiv>
                    <Unicode>kennzeichnen: Sie haben etwas den Franzosen Verwandtes. Wie</Unicode>
                </TextEquiv>
            </TextLine>
            <TextLine id="line_1655444305237_910" custom="readingOrder {index:18;} person {offset:40; length:10;}">
                <Coords points="290,1807 2457,1781 2455,1701 289,1742"/>
                <Baseline points="302,1794 369,1794 436,1794 503,1792 570,1792 637,1792 704,1790 771,1790 838,1790 905,1788 973,1788 1040,1787 1107,1786 1174,1786 1241,1784 1308,1784 1375,1782 1442,1781 1509,1780 1576,1778 1644,1776 1664,1772 1702,1772 1741,1772 1780,1772 1819,1772 1858,1771 1897,1770 1936,1770 1975,1770 2014,1770 2053,1768 2091,1768 2130,1768 2169,1768 2208,1768 2247,1768 2286,1768 2325,1768 2364,1768 2403,1770 2442,1770"/>
                <Word id="line_1655444305237_910_w1" custom="readingOrder {index:0;}">
                    <Coords points="287,1754 287,1814 413,1814 413,1754"/>
                    <TextEquiv>
                        <Unicode>diese</Unicode>
                    </TextEquiv>
                </Word>
                <Word id="line_1655444305237_910_w2" custom="readingOrder {index:1;}">
                    <Coords points="463,1752 463,1812 572,1812 572,1752"/>
                    <TextEquiv>
                        <Unicode>sind</Unicode>
                    </TextEquiv>
                </Word>
                <Word id="line_1655444305237_910_w3" custom="readingOrder {index:2;}">
                    <Coords points="639,1750 639,1810 706,1810 706,1750"/>
                    <TextEquiv>
                        <Unicode>sie</Unicode>
                    </TextEquiv>
                </Word>
                <Word id="line_1655444305237_910_w4" custom="readingOrder {index:3;}">
                    <Coords points="765,1748 765,1808 1092,1808 1092,1748"/>
                    <TextEquiv>
                        <Unicode>Plauderer,</Unicode>
                    </TextEquiv>
                </Word>
                <Word id="line_1655444305237_910_w5" custom="readingOrder {index:4;}">
                    <Coords points="1142,1745 1142,1805 1243,1805 1243,1745"/>
                    <TextEquiv>
                        <Unicode>vor</Unicode>
                    </TextEquiv>
                </Word>
                <Word id="line_1655444305237_910_w6" custom="readingOrder {index:5;}">
                    <Coords points="1301,1742 1301,1802 1435,1802 1435,1742"/>
                    <TextEquiv>
                        <Unicode>allem</Unicode>
                    </TextEquiv>
                </Word>
                <Word id="line_1655444305237_910_w7" custom="readingOrder {index:6;}">
                    <Coords points="1519,1738 1519,1798 1620,1798 1620,1738"/>
                    <TextEquiv>
                        <Unicode>hat</Unicode>
                    </TextEquiv>
                </Word>
                <Word id="line_1655444305237_910_w8" custom="readingOrder {index:7;}">
                    <Coords points="1653,1732 1653,1792 1938,1792 1938,1732"/>
                    <TextEquiv>
                        <Unicode>Schnitzler</Unicode>
                    </TextEquiv>
                </Word>
                <Word id="line_1655444305237_910_w9" custom="readingOrder {index:8;}">
                    <Coords points="1997,1728 1997,1788 2081,1788 2081,1728"/>
                    <TextEquiv>
                        <Unicode>die</Unicode>
                    </TextEquiv>
                </Word>
                <Word id="line_1655444305237_910_w10" custom="readingOrder {index:9;}">
                    <Coords points="2123,1728 2123,1788 2316,1788 2316,1728"/>
                    <TextEquiv>
                        <Unicode>Grazie</Unicode>
                    </TextEquiv>
                </Word>
                <Word id="line_1655444305237_910_w11" custom="readingOrder {index:10;}">
                    <Coords points="2358,1730 2358,1790 2450,1790 2450,1730"/>
                    <TextEquiv>
                        <Unicode>der</Unicode>
                    </TextEquiv>
                </Word>
                <TextEquiv>
                    <Unicode>diese sind sie Plauderer, vor allem hat Schnitzler die Grazie der</Unicode>
                </TextEquiv>
            </TextLine>
            <TextLine id="line_1655444307998_915" custom="readingOrder {index:19;}">
                <Coords points="284,1895 2467,1859 2466,1780 283,1810"/>
                <Baseline points="296,1876 361,1874 427,1872 492,1870 558,1870 623,1868 689,1866 754,1866 820,1866 885,1864 951,1864 1016,1864 1082,1862 1147,1862 1213,1860 1278,1860 1344,1858 1409,1858 1475,1856 1540,1854 1606,1850 1684,1854 1722,1852 1760,1851 1799,1850 1837,1848 1876,1848 1914,1848 1952,1848 1991,1848 2029,1848 2068,1848 2106,1848 2144,1848 2183,1848 2221,1848 2260,1848 2298,1848 2336,1848 2375,1846 2413,1846 2452,1844"/>
                <Word id="line_1655444307998_915_w1" custom="readingOrder {index:0;}">
                    <Coords points="281,1833 281,1893 477,1893 477,1833"/>
                    <TextEquiv>
                        <Unicode>Form.</Unicode>
                    </TextEquiv>
                </Word>
                <Word id="line_1655444307998_915_w2" custom="readingOrder {index:1;}">
                    <Coords points="528,1828 528,1888 664,1888 664,1828"/>
                    <TextEquiv>
                        <Unicode>Eine</Unicode>
                    </TextEquiv>
                </Word>
                <Word id="line_1655444307998_915_w3" custom="readingOrder {index:2;}">
                    <Coords points="698,1826 698,1886 885,1886 885,1826"/>
                    <TextEquiv>
                        <Unicode>weiche</Unicode>
                    </TextEquiv>
                </Word>
                <Word id="line_1655444307998_915_w4" custom="readingOrder {index:3;}">
                    <Coords points="919,1822 919,1882 1226,1882 1226,1822"/>
                    <TextEquiv>
                        <Unicode>Müdigkeit</Unicode>
                    </TextEquiv>
                </Word>
                <Word id="line_1655444307998_915_w5" custom="readingOrder {index:4;}">
                    <Coords points="1277,1818 1277,1878 1421,1878 1421,1818"/>
                    <TextEquiv>
                        <Unicode>liegt</Unicode>
                    </TextEquiv>
                </Word>
                <Word id="line_1655444307998_915_w6" custom="readingOrder {index:5;}">
                    <Coords points="1464,1814 1464,1874 1600,1874 1600,1814"/>
                    <TextEquiv>
                        <Unicode>über</Unicode>
                    </TextEquiv>
                </Word>
                <Word id="line_1655444307998_915_w7" custom="readingOrder {index:6;}">
                    <Coords points="1660,1811 1660,1871 1830,1871 1830,1811"/>
                    <TextEquiv>
                        <Unicode>seinen</Unicode>
                    </TextEquiv>
                </Word>
                <Word id="line_1655444307998_915_w8" custom="readingOrder {index:7;}">
                    <Coords points="1889,1808 1889,1868 2281,1868 2281,1808"/>
                    <TextEquiv>
                        <Unicode>Schöpfungen,</Unicode>
                    </TextEquiv>
                </Word>
                <Word id="line_1655444307998_915_w9" custom="readingOrder {index:8;}">
                    <Coords points="2340,1806 2340,1866 2434,1866 2434,1806"/>
                    <TextEquiv>
                        <Unicode>von</Unicode>
                    </TextEquiv>
                </Word>
                <TextEquiv>
                    <Unicode>Form. Eine weiche Müdigkeit liegt über seinen Schöpfungen, von</Unicode>
                </TextEquiv>
            </TextLine>
            <TextLine id="line_1655444310628_920" custom="readingOrder {index:20;} work {offset:44; length:24; continued:true;}">
                <Coords points="275,1961 2218,1960 2456,1943 2455,1858 274,1895"/>
                <Baseline points="288,1952 353,1950 419,1948 484,1947 550,1946 616,1945 681,1944 747,1943 812,1942 878,1942 944,1942 1009,1940 1075,1940 1140,1940 1206,1938 1271,1938 1337,1936 1403,1936 1468,1934 1534,1933 1600,1932 1684,1932 1721,1930 1759,1929 1797,1928 1835,1928 1873,1926 1911,1926 1949,1926 1987,1926 2025,1926 2063,1926 2100,1926 2138,1926 2176,1926 2214,1926 2252,1925 2290,1924 2328,1924 2366,1924 2404,1923 2442,1922"/>
                <Word id="line_1655444310628_920_w1" custom="readingOrder {index:0;}">
                    <Coords points="272,1910 272,1970 428,1970 428,1910"/>
                    <TextEquiv>
                        <Unicode>denen</Unicode>
                    </TextEquiv>
                </Word>
                <Word id="line_1655444310628_920_w2" custom="readingOrder {index:1;}">
                    <Coords points="479,1906 479,1966 592,1966 592,1906"/>
                    <TextEquiv>
                        <Unicode>jede</Unicode>
                    </TextEquiv>
                </Word>
                <Word id="line_1655444310628_920_w3" custom="readingOrder {index:2;}">
                    <Coords points="643,1903 643,1963 721,1963 721,1903"/>
                    <TextEquiv>
                        <Unicode>ein</Unicode>
                    </TextEquiv>
                </Word>
                <Word id="line_1655444310628_920_w4" custom="readingOrder {index:3;}">
                    <Coords points="773,1902 773,1962 928,1962 928,1902"/>
                    <TextEquiv>
                        <Unicode>Stück</Unicode>
                    </TextEquiv>
                </Word>
                <Word id="line_1655444310628_920_w5" custom="readingOrder {index:4;}">
                    <Coords points="963,1898 963,1958 1472,1958 1472,1898"/>
                    <TextEquiv>
                        <Unicode>Selbstbiographie</Unicode>
                    </TextEquiv>
                </Word>
                <Word id="line_1655444310628_920_w6" custom="readingOrder {index:5;}">
                    <Coords points="1490,1892 1490,1952 1593,1952 1593,1892"/>
                    <TextEquiv>
                        <Unicode>ist.</Unicode>
                    </TextEquiv>
                </Word>
                <Word id="line_1655444310628_920_w7" custom="readingOrder {index:6;}">
                    <Coords points="1662,1889 1662,1949 1852,1949 1852,1889"/>
                    <TextEquiv>
                        <Unicode>„Einen</Unicode>
                    </TextEquiv>
                </Word>
                <Word id="line_1655444310628_920_w8" custom="readingOrder {index:7;}">
                    <Coords points="1896,1886 1896,1946 2284,1946 2284,1886"/>
                    <TextEquiv>
                        <Unicode>leichtsinnigen</Unicode>
                    </TextEquiv>
                </Word>
                <Word id="line_1655444310628_920_w9" custom="readingOrder {index:8;}">
                    <Coords points="2327,1883 2327,1943 2457,1943 2457,1883"/>
                    <TextEquiv>
                        <Unicode>Me¬</Unicode>
                    </TextEquiv>
                </Word>
                <TextEquiv>
                    <Unicode>denen jede ein Stück Selbstbiographie ist. »Einen leichtsinnigen Me¬</Unicode>
                </TextEquiv>
            </TextLine>
            <TextLine id="r1l31" custom="readingOrder {index:21;} work {offset:0; length:11; continued:true;}">
                <Coords points="296,2051 2457,2022 2387,1933 295,1969"/>
                <Baseline points="308,2028 414,2026 521,2026 628,2024 735,2022 842,2020 948,2020 1055,2018 1162,2016 1269,2014 1376,2012 1482,2011 1589,2010 1696,2008 1803,2006 1910,2006 2016,2004 2123,2004 2230,2002 2337,2002 2444,2002"/>
                <Word id="r1l31_w1" custom="readingOrder {index:0;}">
                    <Coords points="293,1986 293,2046 620,2046 620,1986"/>
                    <TextEquiv>
                        <Unicode>lancholiker“</Unicode>
                    </TextEquiv>
                </Word>
                <Word id="r1l31_w2" custom="readingOrder {index:1;}">
                    <Coords points="679,1981 679,2041 855,2041 855,1981"/>
                    <TextEquiv>
                        <Unicode>nennt</Unicode>
                    </TextEquiv>
                </Word>
                <Word id="r1l31_w3" custom="readingOrder {index:2;}">
                    <Coords points="880,1980 880,2040 939,2040 939,1980"/>
                    <TextEquiv>
                        <Unicode>er</Unicode>
                    </TextEquiv>
                </Word>
                <Word id="r1l31_w4" custom="readingOrder {index:3;}">
                    <Coords points="981,1978 981,2038 1065,2038 1065,1978"/>
                    <TextEquiv>
                        <Unicode>sich</Unicode>
                    </TextEquiv>
                </Word>
                <Word id="r1l31_w5" custom="readingOrder {index:4;}">
                    <Coords points="1107,1975 1107,2035 1317,2035 1317,1975"/>
                    <TextEquiv>
                        <Unicode>einmal</Unicode>
                    </TextEquiv>
                </Word>
                <Word id="r1l31_w6" custom="readingOrder {index:5;}">
                    <Coords points="1350,1971 1350,2031 1543,2031 1543,1971"/>
                    <TextEquiv>
                        <Unicode>darin.</Unicode>
                    </TextEquiv>
                </Word>
                <Word id="r1l31_w7" custom="readingOrder {index:6;}">
                    <Coords points="1602,1969 1602,2029 1678,2029 1678,1969"/>
                    <TextEquiv>
                        <Unicode>Er</Unicode>
                    </TextEquiv>
                </Word>
                <Word id="r1l31_w8" custom="readingOrder {index:7;}">
                    <Coords points="1711,1966 1711,2026 1845,2026 1845,1966"/>
                    <TextEquiv>
                        <Unicode>liebt</Unicode>
                    </TextEquiv>
                </Word>
                <Word id="r1l31_w9" custom="readingOrder {index:8;}">
                    <Coords points="1879,1965 1879,2025 1963,2025 1963,1965"/>
                    <TextEquiv>
                        <Unicode>die</Unicode>
                    </TextEquiv>
                </Word>
                <Word id="r1l31_w10" custom="readingOrder {index:9;}">
                    <Coords points="2005,1964 2005,2024 2232,2024 2232,1964"/>
                    <TextEquiv>
                        <Unicode>matten,</Unicode>
                    </TextEquiv>
                </Word>
                <Word id="r1l31_w11" custom="readingOrder {index:10;}">
                    <Coords points="2265,1962 2265,2022 2458,2022 2458,1962"/>
                    <TextEquiv>
                        <Unicode>feinen,</Unicode>
                    </TextEquiv>
                </Word>
                <TextEquiv>
                    <Unicode>lancholiker“ nennt er sich einmal darin. Er liebt die matten, feinen,</Unicode>
                </TextEquiv>
            </TextLine>
            <TextLine id="r1l32" custom="readingOrder {index:22;}">
                <Coords points="299,2116 2398,2110 2465,2022 298,2050"/>
                <Baseline points="312,2106 419,2106 526,2104 633,2104 740,2102 847,2100 954,2098 1061,2096 1168,2094 1275,2092 1382,2090 1489,2090 1596,2088 1703,2086 1810,2084 1917,2082 2024,2080 2131,2078 2238,2078 2345,2076 2452,2076"/>
                <Word id="r1l32_w1" custom="readingOrder {index:0;}">
                    <Coords points="296,2066 296,2126 500,2126 500,2066"/>
                    <TextEquiv>
                        <Unicode>subtilen</Unicode>
                    </TextEquiv>
                </Word>
                <Word id="r1l32_w2" custom="readingOrder {index:1;}">
                    <Coords points="542,2063 542,2123 788,2123 788,2063"/>
                    <TextEquiv>
                        <Unicode>Farben.</Unicode>
                    </TextEquiv>
                </Word>
                <Word id="r1l32_w3" custom="readingOrder {index:2;}">
                    <Coords points="847,2058 847,2118 957,2118 957,2058"/>
                    <TextEquiv>
                        <Unicode>Der</Unicode>
                    </TextEquiv>
                </Word>
                <Word id="r1l32_w4" custom="readingOrder {index:3;}">
                    <Coords points="1008,2054 1008,2114 1297,2114 1297,2054"/>
                    <TextEquiv>
                        <Unicode>nüchterne</Unicode>
                    </TextEquiv>
                </Word>
                <Word id="r1l32_w5" custom="readingOrder {index:4;}">
                    <Coords points="1348,2047 1348,2107 1856,2107 1856,2047"/>
                    <TextEquiv>
                        <Unicode>Verstandesmensch</Unicode>
                    </TextEquiv>
                </Word>
                <Word id="r1l32_w6" custom="readingOrder {index:5;}">
                    <Coords points="1924,2040 1924,2100 2111,2100 2111,2040"/>
                    <TextEquiv>
                        <Unicode>nennt</Unicode>
                    </TextEquiv>
                </Word>
                <Word id="r1l32_w7" custom="readingOrder {index:6;}">
                    <Coords points="2162,2038 2162,2098 2247,2098 2247,2038"/>
                    <TextEquiv>
                        <Unicode>ihn</Unicode>
                    </TextEquiv>
                </Word>
                <Word id="r1l32_w8" custom="readingOrder {index:7;}">
                    <Coords points="2289,2036 2289,2096 2450,2096 2450,2036"/>
                    <TextEquiv>
                        <Unicode>leicht</Unicode>
                    </TextEquiv>
                </Word>
                <TextEquiv>
                    <Unicode>subtilen Farben. Der nüchterne Verstandesmensch nennt ihn leicht</Unicode>
                </TextEquiv>
            </TextLine>
            <TextLine id="r1l33" custom="readingOrder {index:23;} spaced-out {offset:0; length:8;}">
                <Coords points="286,2194 2300,2192 2461,2176 2460,2091 285,2133"/>
                <Baseline points="300,2186 407,2184 514,2182 622,2180 729,2179 837,2176 944,2175 1051,2174 1159,2172 1266,2170 1374,2168 1481,2166 1588,2165 1696,2164 1803,2162 1911,2162 2018,2161 2125,2160 2233,2160 2340,2160 2448,2160"/>
                <Word id="r1l33_w1" custom="readingOrder {index:0;}">
                    <Coords points="283,2142 283,2202 666,2202 666,2142"/>
                    <TextEquiv>
                        <Unicode>weibisch,</Unicode>
                    </TextEquiv>
                </Word>
                <Word id="r1l33_w2" custom="readingOrder {index:1;}">
                    <Coords points="692,2138 692,2198 819,2198 819,2138"/>
                    <TextEquiv>
                        <Unicode>aber</Unicode>
                    </TextEquiv>
                </Word>
                <Word id="r1l33_w3" custom="readingOrder {index:2;}">
                    <Coords points="845,2135 845,2195 913,2195 913,2135"/>
                    <TextEquiv>
                        <Unicode>er</Unicode>
                    </TextEquiv>
                </Word>
                <Word id="r1l33_w4" custom="readingOrder {index:3;}">
                    <Coords points="955,2134 955,2194 1024,2194 1024,2134"/>
                    <TextEquiv>
                        <Unicode>ist</Unicode>
                    </TextEquiv>
                </Word>
                <Word id="r1l33_w5" custom="readingOrder {index:4;}">
                    <Coords points="1049,2133 1049,2193 1160,2193 1160,2133"/>
                    <TextEquiv>
                        <Unicode>nur</Unicode>
                    </TextEquiv>
                </Word>
                <Word id="r1l33_w6" custom="readingOrder {index:5;}">
                    <Coords points="1194,2129 1194,2189 1441,2189 1441,2129"/>
                    <TextEquiv>
                        <Unicode>sensitiv.</Unicode>
                    </TextEquiv>
                </Word>
                <Word id="r1l33_w7" custom="readingOrder {index:6;}">
                    <Coords points="1475,2124 1475,2184 1841,2184 1841,2124"/>
                    <TextEquiv>
                        <Unicode>Allerdings,</Unicode>
                    </TextEquiv>
                </Word>
                <Word id="r1l33_w8" custom="readingOrder {index:7;}">
                    <Coords points="1883,2121 1883,2181 1968,2181 1968,2121"/>
                    <TextEquiv>
                        <Unicode>die</Unicode>
                    </TextEquiv>
                </Word>
                <Word id="r1l33_w9" custom="readingOrder {index:8;}">
                    <Coords points="2002,2120 2002,2180 2232,2180 2232,2120"/>
                    <TextEquiv>
                        <Unicode>großen,</Unicode>
                    </TextEquiv>
                </Word>
                <Word id="r1l33_w10" custom="readingOrder {index:9;}">
                    <Coords points="2266,2120 2266,2180 2445,2180 2445,2120"/>
                    <TextEquiv>
                        <Unicode>neuen</Unicode>
                    </TextEquiv>
                </Word>
                <TextEquiv>
                    <Unicode>weibisch, aber er ist nur sensitiv. Allerdings, die großen, neuen</Unicode>
                </TextEquiv>
            </TextLine>
            <TextLine id="r1l34" custom="readingOrder {index:24;}">
                <Coords points="291,2281 2419,2266 2462,2178 289,2204"/>
                <Baseline points="304,2264 411,2262 518,2260 625,2258 733,2257 840,2255 947,2254 1055,2252 1162,2250 1269,2248 1377,2246 1484,2244 1591,2244 1698,2242 1806,2240 1913,2240 2020,2238 2128,2236 2235,2236 2342,2234 2450,2232"/>
                <Word id="r1l34_w1" custom="readingOrder {index:0;}">
                    <Coords points="287,2221 287,2281 563,2281 563,2221"/>
                    <TextEquiv>
                        <Unicode>Probleine</Unicode>
                    </TextEquiv>
                </Word>
                <Word id="r1l34_w2" custom="readingOrder {index:1;}">
                    <Coords points="597,2217 597,2277 756,2277 756,2217"/>
                    <TextEquiv>
                        <Unicode>gehen</Unicode>
                    </TextEquiv>
                </Word>
                <Word id="r1l34_w3" custom="readingOrder {index:2;}">
                    <Coords points="806,2214 806,2274 890,2274 890,2214"/>
                    <TextEquiv>
                        <Unicode>ihn</Unicode>
                    </TextEquiv>
                </Word>
                <Word id="r1l34_w4" custom="readingOrder {index:3;}">
                    <Coords points="932,2212 932,2272 1091,2272 1091,2212"/>
                    <TextEquiv>
                        <Unicode>nichts</Unicode>
                    </TextEquiv>
                </Word>
                <Word id="r1l34_w5" custom="readingOrder {index:4;}">
                    <Coords points="1133,2209 1133,2269 1233,2269 1233,2209"/>
                    <TextEquiv>
                        <Unicode>an,</Unicode>
                    </TextEquiv>
                </Word>
                <Word id="r1l34_w6" custom="readingOrder {index:5;}">
                    <Coords points="1258,2206 1258,2266 1401,2266 1401,2206"/>
                    <TextEquiv>
                        <Unicode>seine</Unicode>
                    </TextEquiv>
                </Word>
                <Word id="r1l34_w7" custom="readingOrder {index:6;}">
                    <Coords points="1434,2203 1434,2263 1761,2263 1761,2203"/>
                    <TextEquiv>
                        <Unicode>Dichtungen</Unicode>
                    </TextEquiv>
                </Word>
                <Word id="r1l34_w8" custom="readingOrder {index:7;}">
                    <Coords points="1803,2200 1803,2260 1962,2260 1962,2200"/>
                    <TextEquiv>
                        <Unicode>haben</Unicode>
                    </TextEquiv>
                </Word>
                <Word id="r1l34_w9" custom="readingOrder {index:8;}">
                    <Coords points="2012,2197 2012,2257 2121,2257 2121,2197"/>
                    <TextEquiv>
                        <Unicode>nur</Unicode>
                    </TextEquiv>
                </Word>
                <Word id="r1l34_w10" custom="readingOrder {index:9;}">
                    <Coords points="2154,2196 2154,2256 2297,2256 2297,2196"/>
                    <TextEquiv>
                        <Unicode>einen</Unicode>
                    </TextEquiv>
                </Word>
                <Word id="r1l34_w11" custom="readingOrder {index:10;}">
                    <Coords points="2347,2192 2347,2252 2456,2252 2456,2192"/>
                    <TextEquiv>
                        <Unicode>In¬</Unicode>
                    </TextEquiv>
                </Word>
                <TextEquiv>
                    <Unicode>Probleme gehen ihn nichts an, seine Dichtungen haben nur einen In¬</Unicode>
                </TextEquiv>
            </TextLine>
            <TextLine id="r1l35" custom="readingOrder {index:25;} spaced-out {offset:6; length:8;}">
                <Coords points="299,2360 2439,2338 2468,2250 298,2283"/>
                <Baseline points="312,2340 419,2340 526,2338 633,2337 740,2336 847,2334 954,2332 1061,2330 1168,2328 1275,2326 1383,2324 1490,2323 1597,2321 1704,2320 1811,2318 1918,2316 2025,2316 2132,2314 2239,2314 2346,2314 2454,2314"/>
                <Word id="r1l35_w1" custom="readingOrder {index:0;}">
                    <Coords points="296,2300 296,2360 436,2360 436,2300"/>
                    <TextEquiv>
                        <Unicode>halt:</Unicode>
                    </TextEquiv>
                </Word>
                <Word id="r1l35_w2" custom="readingOrder {index:1;}">
                    <Coords points="461,2298 461,2358 585,2358 585,2298"/>
                    <TextEquiv>
                        <Unicode>die</Unicode>
                    </TextEquiv>
                </Word>
                <Word id="r1l35_w3" custom="readingOrder {index:2;}">
                    <Coords points="618,2296 618,2356 858,2356 858,2296"/>
                    <TextEquiv>
                        <Unicode>Frau,</Unicode>
                    </TextEquiv>
                </Word>
                <Word id="r1l35_w4" custom="readingOrder {index:3;}">
                    <Coords points="899,2291 899,2351 1023,2351 1023,2291"/>
                    <TextEquiv>
                        <Unicode>aber</Unicode>
                    </TextEquiv>
                </Word>
                <Word id="r1l35_w5" custom="readingOrder {index:4;}">
                    <Coords points="1048,2288 1048,2348 1189,2348 1189,2288"/>
                    <TextEquiv>
                        <Unicode>nicht</Unicode>
                    </TextEquiv>
                </Word>
                <Word id="r1l35_w6" custom="readingOrder {index:5;}">
                    <Coords points="1214,2286 1214,2346 1296,2346 1296,2286"/>
                    <TextEquiv>
                        <Unicode>die</Unicode>
                    </TextEquiv>
                </Word>
                <Word id="r1l35_w7" custom="readingOrder {index:6;}">
                    <Coords points="1329,2283 1329,2343 1594,2343 1594,2283"/>
                    <TextEquiv>
                        <Unicode>ringende,</Unicode>
                    </TextEquiv>
                </Word>
                <Word id="r1l35_w8" custom="readingOrder {index:7;}">
                    <Coords points="1619,2278 1619,2338 1949,2338 1949,2278"/>
                    <TextEquiv>
                        <Unicode>kämpfende,</Unicode>
                    </TextEquiv>
                </Word>
                <Word id="r1l35_w9" custom="readingOrder {index:8;}">
                    <Coords points="1966,2276 1966,2336 2073,2336 2073,2276"/>
                    <TextEquiv>
                        <Unicode>nur</Unicode>
                    </TextEquiv>
                </Word>
                <Word id="r1l35_w10" custom="readingOrder {index:9;}">
                    <Coords points="2106,2274 2106,2334 2181,2334 2181,2274"/>
                    <TextEquiv>
                        <Unicode>die</Unicode>
                    </TextEquiv>
                </Word>
                <Word id="r1l35_w11" custom="readingOrder {index:10;}">
                    <Coords points="2206,2274 2206,2334 2470,2334 2470,2274"/>
                    <TextEquiv>
                        <Unicode>liebende.</Unicode>
                    </TextEquiv>
                </Word>
                <TextEquiv>
                    <Unicode>halt: die Frau, aber nicht die ringende, kämpfende, nur die liebende.</Unicode>
                </TextEquiv>
            </TextLine>
            <TextLine id="r1l36" custom="readingOrder {index:26;}">
                <Coords points="298,2439 2463,2413 2462,2337 2286,2325 297,2360"/>
                <Baseline points="312,2416 418,2416 525,2416 632,2414 739,2413 846,2412 953,2410 1060,2408 1167,2406 1274,2404 1381,2402 1487,2400 1594,2398 1701,2398 1808,2396 1915,2394 2022,2392 2129,2392 2236,2390 2343,2390 2450,2390"/>
                <Word id="r1l36_w1" custom="readingOrder {index:0;}">
                    <Coords points="295,2376 295,2436 449,2436 449,2376"/>
                    <TextEquiv>
                        <Unicode>Seine</Unicode>
                    </TextEquiv>
                </Word>
                <Word id="r1l36_w2" custom="readingOrder {index:1;}">
                    <Coords points="482,2374 482,2434 782,2434 782,2374"/>
                    <TextEquiv>
                        <Unicode>Heldinnen</Unicode>
                    </TextEquiv>
                </Word>
                <Word id="r1l36_w3" custom="readingOrder {index:2;}">
                    <Coords points="839,2371 839,2431 953,2431 953,2371"/>
                    <TextEquiv>
                        <Unicode>sind</Unicode>
                    </TextEquiv>
                </Word>
                <Word id="r1l36_w4" custom="readingOrder {index:3;}">
                    <Coords points="1002,2367 1002,2427 1205,2427 1205,2367"/>
                    <TextEquiv>
                        <Unicode>immer</Unicode>
                    </TextEquiv>
                </Word>
                <Word id="r1l36_w5" custom="readingOrder {index:4;}">
                    <Coords points="1262,2363 1262,2423 1343,2423 1343,2363"/>
                    <TextEquiv>
                        <Unicode>die</Unicode>
                    </TextEquiv>
                </Word>
                <Word id="r1l36_w6" custom="readingOrder {index:5;}">
                    <Coords points="1392,2359 1392,2419 1627,2419 1627,2359"/>
                    <TextEquiv>
                        <Unicode>kleinen,</Unicode>
                    </TextEquiv>
                </Word>
                <Word id="r1l36_w7" custom="readingOrder {index:6;}">
                    <Coords points="1668,2357 1668,2417 1831,2417 1831,2357"/>
                    <TextEquiv>
                        <Unicode>süßen</Unicode>
                    </TextEquiv>
                </Word>
                <Word id="r1l36_w8" custom="readingOrder {index:7;}">
                    <Coords points="1879,2352 1879,2412 2074,2412 2074,2352"/>
                    <TextEquiv>
                        <Unicode>Mädel</Unicode>
                    </TextEquiv>
                </Word>
                <Word id="r1l36_w9" custom="readingOrder {index:8;}">
                    <Coords points="2107,2351 2107,2411 2196,2411 2196,2351"/>
                    <TextEquiv>
                        <Unicode>der</Unicode>
                    </TextEquiv>
                </Word>
                <Word id="r1l36_w10" custom="readingOrder {index:9;}">
                    <Coords points="2237,2350 2237,2410 2448,2410 2448,2350"/>
                    <TextEquiv>
                        <Unicode>Wiener</Unicode>
                    </TextEquiv>
                </Word>
                <TextEquiv>
                    <Unicode>Seine Heldinnen sind immer die kleinen, süßen Mädel der Wiener</Unicode>
                </TextEquiv>
            </TextLine>
            <TextLine id="r1l37" custom="readingOrder {index:27;}">
                <Coords points="290,2509 2470,2480 2469,2412 2234,2395 289,2437"/>
                <Baseline points="304,2496 411,2494 519,2493 626,2492 734,2490 842,2488 949,2488 1057,2486 1164,2484 1272,2482 1380,2482 1487,2480 1595,2478 1702,2478 1810,2476 1918,2476 2025,2474 2133,2474 2240,2472 2348,2472 2456,2472"/>
                <Word id="r1l37_w1" custom="readingOrder {index:0;}">
                    <Coords points="287,2453 287,2513 538,2513 538,2453"/>
                    <TextEquiv>
                        <Unicode>Vorstadt</Unicode>
                    </TextEquiv>
                </Word>
                <Word id="r1l37_w2" custom="readingOrder {index:1;}">
                    <Coords points="582,2451 582,2511 712,2511 712,2451"/>
                    <TextEquiv>
                        <Unicode>oder</Unicode>
                    </TextEquiv>
                </Word>
                <Word id="r1l37_w3" custom="readingOrder {index:2;}">
                    <Coords points="755,2447 755,2507 1145,2507 1145,2447"/>
                    <TextEquiv>
                        <Unicode>verheirathete</Unicode>
                    </TextEquiv>
                </Word>
                <Word id="r1l37_w4" custom="readingOrder {index:3;}">
                    <Coords points="1180,2442 1180,2502 1552,2502 1552,2442"/>
                    <TextEquiv>
                        <Unicode>Weltdamen,</Unicode>
                    </TextEquiv>
                </Word>
                <Word id="r1l37_w5" custom="readingOrder {index:4;}">
                    <Coords points="1587,2438 1587,2498 1674,2498 1674,2438"/>
                    <TextEquiv>
                        <Unicode>die</Unicode>
                    </TextEquiv>
                </Word>
                <Word id="r1l37_w6" custom="readingOrder {index:5;}">
                    <Coords points="1708,2436 1708,2496 1873,2496 1873,2436"/>
                    <TextEquiv>
                        <Unicode>Trost</Unicode>
                    </TextEquiv>
                </Word>
                <Word id="r1l37_w7" custom="readingOrder {index:6;}">
                    <Coords points="1916,2435 1916,2495 2012,2495 2012,2435"/>
                    <TextEquiv>
                        <Unicode>für</Unicode>
                    </TextEquiv>
                </Word>
                <Word id="r1l37_w8" custom="readingOrder {index:7;}">
                    <Coords points="2046,2434 2046,2494 2168,2494 2168,2434"/>
                    <TextEquiv>
                        <Unicode>ihre</Unicode>
                    </TextEquiv>
                </Word>
                <Word id="r1l37_w9" custom="readingOrder {index:8;}">
                    <Coords points="2202,2432 2202,2492 2471,2492 2471,2432"/>
                    <TextEquiv>
                        <Unicode>Herzens¬</Unicode>
                    </TextEquiv>
                </Word>
                <TextEquiv>
                    <Unicode>Vorstadt oder verheirathete Weltdamen, die Trost für ihre Herzens¬</Unicode>
                </TextEquiv>
            </TextLine>
            <TextLine id="r1l38" custom="readingOrder {index:28;} paragraph-end {offset:42; length:0;}">
                <Coords points="290,2617 443,2568 1617,2577 1616,2495 1564,2485 289,2508"/>
                <Baseline points="304,2574 368,2574 433,2574 498,2572 563,2571 628,2570 693,2569 758,2568 823,2567 888,2566 953,2566 1017,2564 1082,2564 1147,2562 1212,2562 1277,2560 1342,2558 1407,2558 1472,2556 1537,2556 1602,2554"/>
                <Word id="r1l38_w1" custom="readingOrder {index:0;}">
                    <Coords points="287,2534 287,2594 413,2594 413,2534"/>
                    <TextEquiv>
                        <Unicode>leere</Unicode>
                    </TextEquiv>
                </Word>
                <Word id="r1l38_w2" custom="readingOrder {index:1;}">
                    <Coords points="455,2532 455,2592 506,2592 506,2532"/>
                    <TextEquiv>
                        <Unicode>im</Unicode>
                    </TextEquiv>
                </Word>
                <Word id="r1l38_w3" custom="readingOrder {index:2;}">
                    <Coords points="565,2529 565,2589 733,2589 733,2529"/>
                    <TextEquiv>
                        <Unicode>Bruch</Unicode>
                    </TextEquiv>
                </Word>
                <Word id="r1l38_w4" custom="readingOrder {index:3;}">
                    <Coords points="776,2527 776,2587 868,2587 868,2527"/>
                    <TextEquiv>
                        <Unicode>der</Unicode>
                    </TextEquiv>
                </Word>
                <Word id="r1l38_w5" custom="readingOrder {index:4;}">
                    <Coords points="910,2524 910,2584 1155,2584 1155,2524"/>
                    <TextEquiv>
                        <Unicode>ehelichen</Unicode>
                    </TextEquiv>
                </Word>
                <Word id="r1l38_w6" custom="readingOrder {index:5;}">
                    <Coords points="1205,2519 1205,2579 1374,2579 1374,2519"/>
                    <TextEquiv>
                        <Unicode>Treue</Unicode>
                    </TextEquiv>
                </Word>
                <Word id="r1l38_w7" custom="readingOrder {index:6;}">
                    <Coords points="1407,2516 1407,2576 1618,2576 1618,2516"/>
                    <TextEquiv>
                        <Unicode>suchen.</Unicode>
                    </TextEquiv>
                </Word>
                <TextEquiv>
                    <Unicode>leere im Bruch der ehelichen Treue suchen.</Unicode>
                </TextEquiv>
            </TextLine>
            <TextLine id="r1l39" custom="readingOrder {index:29;} paragraph-start {offset:0; length:0;} person {offset:43; length:10;}">
                <Coords points="390,2679 2469,2647 2468,2560 2235,2544 389,2586"/>
                <Baseline points="404,2648 506,2648 609,2646 711,2646 814,2644 917,2642 1019,2640 1122,2639 1224,2638 1327,2636 1430,2634 1532,2632 1635,2630 1737,2630 1840,2628 1943,2628 2045,2626 2148,2626 2250,2626 2353,2626 2456,2626"/>
                <Word id="r1l39_w1" custom="readingOrder {index:0;}">
                    <Coords points="387,2608 387,2668 458,2668 458,2608"/>
                    <TextEquiv>
                        <Unicode>Es</Unicode>
                    </TextEquiv>
                </Word>
                <Word id="r1l39_w2" custom="readingOrder {index:1;}">
                    <Coords points="494,2607 494,2667 565,2667 565,2607"/>
                    <TextEquiv>
                        <Unicode>ist</Unicode>
                    </TextEquiv>
                </Word>
                <Word id="r1l39_w3" custom="readingOrder {index:2;}">
                    <Coords points="600,2606 600,2666 680,2666 680,2606"/>
                    <TextEquiv>
                        <Unicode>ein</Unicode>
                    </TextEquiv>
                </Word>
                <Word id="r1l39_w4" custom="readingOrder {index:3;}">
                    <Coords points="724,2602 724,2662 1070,2662 1070,2602"/>
                    <TextEquiv>
                        <Unicode>Instrument</Unicode>
                    </TextEquiv>
                </Word>
                <Word id="r1l39_w5" custom="readingOrder {index:4;}">
                    <Coords points="1105,2598 1105,2658 1211,2658 1211,2598"/>
                    <TextEquiv>
                        <Unicode>mit</Unicode>
                    </TextEquiv>
                </Word>
                <Word id="r1l39_w6" custom="readingOrder {index:5;}">
                    <Coords points="1247,2596 1247,2656 1389,2656 1389,2596"/>
                    <TextEquiv>
                        <Unicode>einer</Unicode>
                    </TextEquiv>
                </Word>
                <Word id="r1l39_w7" custom="readingOrder {index:6;}">
                    <Coords points="1424,2592 1424,2652 1619,2652 1619,2592"/>
                    <TextEquiv>
                        <Unicode>Saite,</Unicode>
                    </TextEquiv>
                </Word>
                <Word id="r1l39_w8" custom="readingOrder {index:7;}">
                    <Coords points="1646,2590 1646,2650 1743,2650 1743,2590"/>
                    <TextEquiv>
                        <Unicode>das</Unicode>
                    </TextEquiv>
                </Word>
                <Word id="r1l39_w9" custom="readingOrder {index:8;}">
                    <Coords points="1787,2588 1787,2648 2062,2648 2062,2588"/>
                    <TextEquiv>
                        <Unicode>Schnitzler</Unicode>
                    </TextEquiv>
                </Word>
                <Word id="r1l39_w10" custom="readingOrder {index:9;}">
                    <Coords points="2097,2586 2097,2646 2284,2646 2284,2586"/>
                    <TextEquiv>
                        <Unicode>spielt,</Unicode>
                    </TextEquiv>
                </Word>
                <Word id="r1l39_w11" custom="readingOrder {index:10;}">
                    <Coords points="2319,2586 2319,2646 2452,2646 2452,2586"/>
                    <TextEquiv>
                        <Unicode>aber</Unicode>
                    </TextEquiv>
                </Word>
                <TextEquiv>
                    <Unicode>Es ist ein Instrument mit einer Saite, das Schnitzler spielt, aber</Unicode>
                </TextEquiv>
            </TextLine>
            <TextLine id="line_1655444322509_936" custom="readingOrder {index:30;}">
                <Coords points="271,2744 2397,2743 2465,2647 270,2675"/>
                <Baseline points="286,2724 316,2728 346,2728 380,2724 435,2726 491,2726 546,2726 602,2726 658,2726 713,2724 769,2724 824,2722 880,2721 936,2720 991,2718 1047,2717 1102,2716 1158,2714 1214,2714 1269,2712 1325,2712 1380,2712 1436,2712 1492,2712 1530,2710 1560,2710 1590,2710 1620,2710 1650,2710 1680,2710 1710,2709 1740,2708 1770,2708 1800,2706 1831,2706 1861,2706 1891,2705 1921,2704 1951,2704 1981,2704 2011,2702 2041,2702 2071,2702 2101,2702 2132,2702 2192,2700 2218,2700 2244,2701 2270,2703 2296,2705 2322,2706 2348,2707 2374,2708 2400,2708 2426,2706 2452,2704"/>
                <Word id="line_1655444322509_936_w1" custom="readingOrder {index:0;}">
                    <Coords points="269,2686 269,2746 341,2746 341,2686"/>
                    <TextEquiv>
                        <Unicode>er</Unicode>
                    </TextEquiv>
                </Word>
                <Word id="line_1655444322509_936_w2" custom="readingOrder {index:1;}">
                    <Coords points="404,2686 404,2746 539,2746 539,2686"/>
                    <TextEquiv>
                        <Unicode>weiß</Unicode>
                    </TextEquiv>
                </Word>
                <Word id="line_1655444322509_936_w3" custom="readingOrder {index:2;}">
                    <Coords points="620,2685 620,2745 710,2745 710,2685"/>
                    <TextEquiv>
                        <Unicode>ihm</Unicode>
                    </TextEquiv>
                </Word>
                <Word id="line_1655444322509_936_w4" custom="readingOrder {index:3;}">
                    <Coords points="800,2678 800,2738 1178,2738 1178,2678"/>
                    <TextEquiv>
                        <Unicode>sympathische</Unicode>
                    </TextEquiv>
                </Word>
                <Word id="line_1655444322509_936_w5" custom="readingOrder {index:4;}">
                    <Coords points="1241,2672 1241,2732 1458,2732 1458,2672"/>
                    <TextEquiv>
                        <Unicode>Klänge</Unicode>
                    </TextEquiv>
                </Word>
                <Word id="line_1655444322509_936_w6" custom="readingOrder {index:5;}">
                    <Coords points="1530,2670 1530,2730 1629,2730 1629,2670"/>
                    <TextEquiv>
                        <Unicode>von</Unicode>
                    </TextEquiv>
                </Word>
                <Word id="line_1655444322509_936_w7" custom="readingOrder {index:6;}">
                    <Coords points="1701,2664 1701,2724 2097,2724 2097,2664"/>
                    <TextEquiv>
                        <Unicode>wehmüthigem</Unicode>
                    </TextEquiv>
                </Word>
                <Word id="line_1655444322509_936_w8" custom="readingOrder {index:7;}">
                    <Coords points="2187,2661 2187,2721 2322,2721 2322,2661"/>
                    <TextEquiv>
                        <Unicode>Reiz</Unicode>
                    </TextEquiv>
                </Word>
                <Word id="line_1655444322509_936_w9" custom="readingOrder {index:8;}">
                    <Coords points="2376,2667 2376,2727 2448,2727 2448,2667"/>
                    <TextEquiv>
                        <Unicode>zu</Unicode>
                    </TextEquiv>
                </Word>
                <TextEquiv>
                    <Unicode>er weiß ihm sympathische Klänge von wehmüthigem Reiz zu</Unicode>
                </TextEquiv>
            </TextLine>
            <TextLine id="line_1655444326770_944" custom="readingOrder {index:31;}">
                <Coords points="291,2825 2466,2790 2465,2728 2276,2708 290,2743"/>
                <Baseline points="304,2804 330,2804 357,2804 384,2804 411,2804 438,2804 464,2805 491,2806 518,2804 545,2804 572,2804 672,2806 697,2802 722,2800 747,2800 772,2798 797,2798 822,2798 847,2798 872,2798 897,2798 922,2800 947,2800 972,2800 997,2798 1022,2798 1048,2796 1080,2792 1105,2792 1130,2792 1155,2792 1180,2792 1205,2792 1230,2792 1255,2792 1280,2790 1305,2790 1330,2790 1355,2789 1380,2788 1405,2788 1430,2788 1456,2788 1480,2788 1522,2788 1564,2788 1607,2788 1649,2788 1692,2787 1734,2786 1776,2786 1819,2785 1861,2784 1904,2784 1946,2782 1988,2782 2031,2780 2073,2780 2116,2780 2158,2778 2200,2778 2243,2778 2285,2778 2328,2778 2384,2774 2418,2778 2452,2778"/>
                <Word id="line_1655444326770_944_w1" custom="readingOrder {index:0;}">
                    <Coords points="288,2764 288,2824 560,2824 560,2764"/>
                    <TextEquiv>
                        <Unicode>entlocken.</Unicode>
                    </TextEquiv>
                </Word>
                <Word id="line_1655444326770_944_w2" custom="readingOrder {index:1;}">
                    <Coords points="654,2760 654,2820 790,2820 790,2760"/>
                    <TextEquiv>
                        <Unicode>Auch</Unicode>
                    </TextEquiv>
                </Word>
                <Word id="line_1655444326770_944_w3" custom="readingOrder {index:2;}">
                    <Coords points="884,2760 884,2820 1029,2820 1029,2760"/>
                    <TextEquiv>
                        <Unicode>wenn</Unicode>
                    </TextEquiv>
                </Word>
                <Word id="line_1655444326770_944_w4" custom="readingOrder {index:3;}">
                    <Coords points="1114,2752 1114,2812 1182,2812 1182,2752"/>
                    <TextEquiv>
                        <Unicode>er</Unicode>
                    </TextEquiv>
                </Word>
                <Word id="line_1655444326770_944_w5" custom="readingOrder {index:4;}">
                    <Coords points="1275,2750 1275,2810 1369,2810 1369,2750"/>
                    <TextEquiv>
                        <Unicode>das</Unicode>
                    </TextEquiv>
                </Word>
                <Word id="line_1655444326770_944_w6" custom="readingOrder {index:5;}">
                    <Coords points="1463,2748 1463,2808 1726,2808 1726,2748"/>
                    <TextEquiv>
                        <Unicode>Intimste</Unicode>
                    </TextEquiv>
                </Word>
                <Word id="line_1655444326770_944_w7" custom="readingOrder {index:6;}">
                    <Coords points="1803,2742 1803,2802 2058,2802 2058,2742"/>
                    <TextEquiv>
                        <Unicode>erzählt,</Unicode>
                    </TextEquiv>
                </Word>
                <Word id="line_1655444326770_944_w8" custom="readingOrder {index:7;}">
                    <Coords points="2144,2738 2144,2798 2314,2798 2314,2738"/>
                    <TextEquiv>
                        <Unicode>bleibt</Unicode>
                    </TextEquiv>
                </Word>
                <Word id="line_1655444326770_944_w9" custom="readingOrder {index:8;}">
                    <Coords points="2382,2737 2382,2797 2450,2797 2450,2737"/>
                    <TextEquiv>
                        <Unicode>er</Unicode>
                    </TextEquiv>
                </Word>
                <TextEquiv>
                    <Unicode>entlocken. Auch wenn er das Intimste erzählt, bleibt er</Unicode>
                </TextEquiv>
            </TextLine>
            <TextLine id="line_1655444329433_949" custom="readingOrder {index:32;}">
                <Coords points="302,2902 2485,2868 2484,2797 2090,2781 301,2817"/>
                <Baseline points="316,2884 375,2884 434,2884 493,2882 552,2882 612,2882 671,2880 730,2880 789,2878 848,2878 908,2876 967,2876 1026,2874 1085,2873 1144,2872 1204,2872 1263,2870 1322,2870 1381,2870 1440,2868 1500,2868 1610,2860 1653,2860 1696,2860 1739,2860 1782,2860 1825,2860 1868,2858 1911,2858 1954,2858 1997,2858 2041,2858 2084,2858 2127,2858 2170,2858 2213,2856 2256,2856 2299,2856 2342,2856 2385,2856 2428,2856 2472,2856"/>
                <Word id="line_1655444329433_949_w1" custom="readingOrder {index:0;}">
                    <Coords points="299,2844 299,2904 481,2904 481,2844"/>
                    <TextEquiv>
                        <Unicode>immer</Unicode>
                    </TextEquiv>
                </Word>
                <Word id="line_1655444329433_949_w2" custom="readingOrder {index:1;}">
                    <Coords points="515,2841 515,2901 731,2901 731,2841"/>
                    <TextEquiv>
                        <Unicode>graziös</Unicode>
                    </TextEquiv>
                </Word>
                <Word id="line_1655444329433_949_w3" custom="readingOrder {index:2;}">
                    <Coords points="775,2838 775,2898 878,2898 878,2838"/>
                    <TextEquiv>
                        <Unicode>und</Unicode>
                    </TextEquiv>
                </Word>
                <Word id="line_1655444329433_949_w4" custom="readingOrder {index:3;}">
                    <Coords points="921,2835 921,2895 1060,2895 1060,2835"/>
                    <TextEquiv>
                        <Unicode>wird</Unicode>
                    </TextEquiv>
                </Word>
                <Word id="line_1655444329433_949_w5" custom="readingOrder {index:4;}">
                    <Coords points="1103,2832 1103,2892 1189,2892 1189,2832"/>
                    <TextEquiv>
                        <Unicode>nie</Unicode>
                    </TextEquiv>
                </Word>
                <Word id="line_1655444329433_949_w6" custom="readingOrder {index:5;}">
                    <Coords points="1224,2830 1224,2890 1535,2890 1535,2830"/>
                    <TextEquiv>
                        <Unicode>unzüchtig.</Unicode>
                    </TextEquiv>
                </Word>
                <Word id="line_1655444329433_949_w7" custom="readingOrder {index:6;}">
                    <Coords points="1604,2820 1604,2880 1734,2880 1734,2820"/>
                    <TextEquiv>
                        <Unicode>Mit</Unicode>
                    </TextEquiv>
                </Word>
                <Word id="line_1655444329433_949_w8" custom="readingOrder {index:7;}">
                    <Coords points="1777,2818 1777,2878 1950,2878 1950,2818"/>
                    <TextEquiv>
                        <Unicode>seinen</Unicode>
                    </TextEquiv>
                </Word>
                <Word id="line_1655444329433_949_w9" custom="readingOrder {index:8;}">
                    <Coords points="1993,2818 1993,2878 2157,2878 2157,2818"/>
                    <TextEquiv>
                        <Unicode>ersten</Unicode>
                    </TextEquiv>
                </Word>
                <Word id="line_1655444329433_949_w10" custom="readingOrder {index:9;}">
                    <Coords points="2209,2816 2209,2876 2451,2876 2451,2816"/>
                    <TextEquiv>
                        <Unicode>Arbeiten</Unicode>
                    </TextEquiv>
                </Word>
                <TextEquiv>
                    <Unicode>immer graziös und wird nie unzüchtig. Mit seinen ersten Arbeiten</Unicode>
                </TextEquiv>
            </TextLine>
            <TextLine id="r1l51" custom="readingOrder {index:33;} person {offset:5; length:10;} date {offset:16; length:4;} work {offset:49; length:14;}">
                <Coords points="295,2979 2465,2913 294,2897"/>
                <Baseline points="310,2960 417,2958 524,2958 631,2956 738,2956 845,2954 952,2952 1059,2950 1166,2948 1273,2946 1380,2945 1487,2944 1594,2942 1701,2940 1808,2938 1915,2937 2022,2936 2129,2936 2236,2934 2343,2934 2450,2934"/>
                <Word id="r1l51_w1" custom="readingOrder {index:0;}">
                    <Coords points="292,2919 292,2979 409,2979 409,2919"/>
                    <TextEquiv>
                        <Unicode>trat</Unicode>
                    </TextEquiv>
                </Word>
                <Word id="r1l51_w2" custom="readingOrder {index:1;}">
                    <Coords points="435,2917 435,2977 720,2977 720,2917"/>
                    <TextEquiv>
                        <Unicode>Schnitzler</Unicode>
                    </TextEquiv>
                </Word>
                <Word id="r1l51_w3" custom="readingOrder {index:2;}">
                    <Coords points="754,2914 754,2974 888,2974 888,2914"/>
                    <TextEquiv>
                        <Unicode>1886</Unicode>
                    </TextEquiv>
                </Word>
                <Word id="r1l51_w4" custom="readingOrder {index:3;}">
                    <Coords points="921,2910 921,2970 1157,2970 1157,2910"/>
                    <TextEquiv>
                        <Unicode>hervor.</Unicode>
                    </TextEquiv>
                </Word>
                <Word id="r1l51_w5" custom="readingOrder {index:4;}">
                    <Coords points="1240,2905 1240,2965 1308,2965 1308,2905"/>
                    <TextEquiv>
                        <Unicode>Es</Unicode>
                    </TextEquiv>
                </Word>
                <Word id="r1l51_w6" custom="readingOrder {index:5;}">
                    <Coords points="1350,2904 1350,2964 1467,2964 1467,2904"/>
                    <TextEquiv>
                        <Unicode>war</Unicode>
                    </TextEquiv>
                </Word>
                <Word id="r1l51_w7" custom="readingOrder {index:6;}">
                    <Coords points="1509,2902 1509,2962 1601,2962 1601,2902"/>
                    <TextEquiv>
                        <Unicode>das</Unicode>
                    </TextEquiv>
                </Word>
                <Word id="r1l51_w8" custom="readingOrder {index:7;}">
                    <Coords points="1643,2898 1643,2958 1895,2958 1895,2898"/>
                    <TextEquiv>
                        <Unicode>Märchen</Unicode>
                    </TextEquiv>
                </Word>
                <Word id="r1l51_w9" custom="readingOrder {index:8;}">
                    <Coords points="1946,2896 1946,2956 2248,2956 2248,2896"/>
                    <TextEquiv>
                        <Unicode>„Alcantils</Unicode>
                    </TextEquiv>
                </Word>
                <Word id="r1l51_w10" custom="readingOrder {index:9;}">
                    <Coords points="2281,2894 2281,2954 2441,2954 2441,2894"/>
                    <TextEquiv>
                        <Unicode>Lied“</Unicode>
                    </TextEquiv>
                </Word>
                <TextEquiv>
                    <Unicode>trat Schnitzler 1886 hervor. Es war das Märchen »Alcantils Lied«</Unicode>
                </TextEquiv>
            </TextLine>
            <TextLine id="r1l52" custom="readingOrder {index:34;} work {offset:17; length:26;}">
                <Coords points="284,3067 2445,3033 2471,2959 282,2971"/>
                <Baseline points="298,3036 406,3036 514,3034 622,3032 730,3032 838,3030 946,3028 1054,3027 1162,3026 1270,3024 1378,3022 1486,3022 1594,3020 1702,3018 1810,3016 1918,3016 2026,3014 2134,3012 2242,3012 2350,3010 2458,3010"/>
                <Word id="r1l52_w1" custom="readingOrder {index:0;}">
                    <Coords points="280,2996 280,3056 414,3056 414,2996"/>
                    <TextEquiv>
                        <Unicode>dann</Unicode>
                    </TextEquiv>
                </Word>
                <Word id="r1l52_w2" custom="readingOrder {index:1;}">
                    <Coords points="465,2993 465,3053 624,3053 624,2993"/>
                    <TextEquiv>
                        <Unicode>folgte</Unicode>
                    </TextEquiv>
                </Word>
                <Word id="r1l52_w3" custom="readingOrder {index:2;}">
                    <Coords points="666,2992 666,3052 767,3052 767,2992"/>
                    <TextEquiv>
                        <Unicode>das</Unicode>
                    </TextEquiv>
                </Word>
                <Word id="r1l52_w4" custom="readingOrder {index:3;}">
                    <Coords points="801,2988 801,3048 1087,3048 1087,2988"/>
                    <TextEquiv>
                        <Unicode>„Märchen</Unicode>
                    </TextEquiv>
                </Word>
                <Word id="r1l52_w5" custom="readingOrder {index:4;}">
                    <Coords points="1137,2985 1137,3045 1229,3045 1229,2985"/>
                    <TextEquiv>
                        <Unicode>von</Unicode>
                    </TextEquiv>
                </Word>
                <Word id="r1l52_w6" custom="readingOrder {index:5;}">
                    <Coords points="1280,2983 1280,3043 1364,3043 1364,2983"/>
                    <TextEquiv>
                        <Unicode>den</Unicode>
                    </TextEquiv>
                </Word>
                <Word id="r1l52_w7" custom="readingOrder {index:6;}">
                    <Coords points="1414,2979 1414,3039 1776,3039 1776,2979"/>
                    <TextEquiv>
                        <Unicode>Gefallenen“,</Unicode>
                    </TextEquiv>
                </Word>
                <Word id="r1l52_w8" custom="readingOrder {index:7;}">
                    <Coords points="1801,2976 1801,3036 1851,3036 1851,2976"/>
                    <TextEquiv>
                        <Unicode>in</Unicode>
                    </TextEquiv>
                </Word>
                <Word id="r1l52_w9" custom="readingOrder {index:8;}">
                    <Coords points="1902,2975 1902,3035 1986,3035 1986,2975"/>
                    <TextEquiv>
                        <Unicode>dem</Unicode>
                    </TextEquiv>
                </Word>
                <Word id="r1l52_w10" custom="readingOrder {index:9;}">
                    <Coords points="2053,2972 2053,3032 2145,3032 2145,2972"/>
                    <TextEquiv>
                        <Unicode>der</Unicode>
                    </TextEquiv>
                </Word>
                <Word id="r1l52_w11" custom="readingOrder {index:10;}">
                    <Coords points="2179,2971 2179,3031 2313,3031 2313,2971"/>
                    <TextEquiv>
                        <Unicode>Held</Unicode>
                    </TextEquiv>
                </Word>
                <Word id="r1l52_w12" custom="readingOrder {index:11;}">
                    <Coords points="2355,2970 2355,3030 2456,3030 2456,2970"/>
                    <TextEquiv>
                        <Unicode>alle</Unicode>
                    </TextEquiv>
                </Word>
                <TextEquiv>
                    <Unicode>dann folgte das »Märchen von den Gefallenen«, in dem der Held alle</Unicode>
                </TextEquiv>
            </TextLine>
            <TextLine id="r1l53" custom="readingOrder {index:35;}">
                <Coords points="288,3126 2395,3114 2482,3044 287,3069"/>
                <Baseline points="302,3114 410,3114 518,3114 626,3114 735,3112 843,3110 951,3108 1060,3107 1168,3105 1276,3102 1385,3100 1493,3099 1601,3096 1709,3094 1818,3093 1926,3092 2034,3090 2143,3088 2251,3088 2359,3088 2468,3088"/>
                <Word id="r1l53_w1" custom="readingOrder {index:0;}">
                    <Coords points="285,3074 285,3134 423,3134 423,3074"/>
                    <TextEquiv>
                        <Unicode>alten</Unicode>
                    </TextEquiv>
                </Word>
                <Word id="r1l53_w2" custom="readingOrder {index:1;}">
                    <Coords points="472,3073 472,3133 822,3133 822,3073"/>
                    <TextEquiv>
                        <Unicode>Vorurtheile</Unicode>
                    </TextEquiv>
                </Word>
                <Word id="r1l53_w3" custom="readingOrder {index:2;}">
                    <Coords points="855,3067 855,3127 1221,3127 1221,3067"/>
                    <TextEquiv>
                        <Unicode>überwunden</Unicode>
                    </TextEquiv>
                </Word>
                <Word id="r1l53_w4" custom="readingOrder {index:3;}">
                    <Coords points="1278,3060 1278,3120 1384,3120 1384,3060"/>
                    <TextEquiv>
                        <Unicode>hat</Unicode>
                    </TextEquiv>
                </Word>
                <Word id="r1l53_w5" custom="readingOrder {index:4;}">
                    <Coords points="1425,3059 1425,3119 1531,3119 1531,3059"/>
                    <TextEquiv>
                        <Unicode>und</Unicode>
                    </TextEquiv>
                </Word>
                <Word id="r1l53_w6" custom="readingOrder {index:5;}">
                    <Coords points="1588,3054 1588,3114 1742,3114 1742,3054"/>
                    <TextEquiv>
                        <Unicode>ihnen</Unicode>
                    </TextEquiv>
                </Word>
                <Word id="r1l53_w7" custom="readingOrder {index:6;}">
                    <Coords points="1799,3052 1799,3112 1905,3112 1905,3052"/>
                    <TextEquiv>
                        <Unicode>doch</Unicode>
                    </TextEquiv>
                </Word>
                <Word id="r1l53_w8" custom="readingOrder {index:7;}">
                    <Coords points="1946,3050 1946,3110 2060,3110 2060,3050"/>
                    <TextEquiv>
                        <Unicode>beim</Unicode>
                    </TextEquiv>
                </Word>
                <Word id="r1l53_w9" custom="readingOrder {index:8;}">
                    <Coords points="2125,3048 2125,3108 2280,3108 2280,3048"/>
                    <TextEquiv>
                        <Unicode>ersten</Unicode>
                    </TextEquiv>
                </Word>
                <Word id="r1l53_w10" custom="readingOrder {index:9;}">
                    <Coords points="2329,3048 2329,3108 2467,3108 2467,3048"/>
                    <TextEquiv>
                        <Unicode>Ver¬</Unicode>
                    </TextEquiv>
                </Word>
                <TextEquiv>
                    <Unicode>alten Vorurtheile überwunden hat und ihnen doch beim ersten Ver¬</Unicode>
                </TextEquiv>
            </TextLine>
            <TextLine id="r1l54" custom="readingOrder {index:36;} work {offset:42; length:8;}">
                <Coords points="295,3216 2407,3189 2480,3092 294,3134"/>
                <Baseline points="308,3192 415,3192 523,3192 631,3192 739,3190 847,3188 955,3188 1063,3186 1171,3184 1279,3182 1387,3180 1494,3177 1602,3176 1710,3172 1818,3170 1926,3168 2034,3166 2142,3165 2250,3164 2358,3162 2466,3160"/>
                <Word id="r1l54_w1" custom="readingOrder {index:0;}">
                    <Coords points="292,3152 292,3212 396,3212 396,3152"/>
                    <TextEquiv>
                        <Unicode>such</Unicode>
                    </TextEquiv>
                </Word>
                <Word id="r1l54_w2" custom="readingOrder {index:1;}">
                    <Coords points="448,3152 448,3212 491,3212 491,3152"/>
                    <TextEquiv>
                        <Unicode>in</Unicode>
                    </TextEquiv>
                </Word>
                <Word id="r1l54_w3" custom="readingOrder {index:2;}">
                    <Coords points="560,3152 560,3212 656,3212 656,3152"/>
                    <TextEquiv>
                        <Unicode>der</Unicode>
                    </TextEquiv>
                </Word>
                <Word id="r1l54_w4" custom="readingOrder {index:3;}">
                    <Coords points="708,3148 708,3208 915,3208 915,3148"/>
                    <TextEquiv>
                        <Unicode>Praxis</Unicode>
                    </TextEquiv>
                </Word>
                <Word id="r1l54_w5" custom="readingOrder {index:4;}">
                    <Coords points="959,3144 959,3204 1296,3204 1296,3144"/>
                    <TextEquiv>
                        <Unicode>unterliegt.</Unicode>
                    </TextEquiv>
                </Word>
                <Word id="r1l54_w6" custom="readingOrder {index:5;}">
                    <Coords points="1383,3138 1383,3198 1504,3198 1504,3138"/>
                    <TextEquiv>
                        <Unicode>Das</Unicode>
                    </TextEquiv>
                </Word>
                <Word id="r1l54_w7" custom="readingOrder {index:6;}">
                    <Coords points="1547,3134 1547,3194 1755,3194 1755,3134"/>
                    <TextEquiv>
                        <Unicode>Drama</Unicode>
                    </TextEquiv>
                </Word>
                <Word id="r1l54_w8" custom="readingOrder {index:7;}">
                    <Coords points="1807,3127 1807,3187 2136,3187 2136,3127"/>
                    <TextEquiv>
                        <Unicode>„Freiwild“</Unicode>
                    </TextEquiv>
                </Word>
                <Word id="r1l54_w9" custom="readingOrder {index:8;}">
                    <Coords points="2188,3122 2188,3182 2473,3182 2473,3122"/>
                    <TextEquiv>
                        <Unicode>behandelt</Unicode>
                    </TextEquiv>
                </Word>
                <TextEquiv>
                    <Unicode>such in der Praxis unterliegt. Das Drama »Freiwild« behandelt</Unicode>
                </TextEquiv>
            </TextLine>
            <TextLine id="r1l55" custom="readingOrder {index:37;}">
                <Coords points="302,3293 2403,3274 2473,3179 301,3216"/>
                <Baseline points="316,3272 423,3270 530,3270 637,3268 744,3268 852,3266 959,3264 1066,3262 1173,3260 1280,3257 1388,3255 1495,3253 1602,3250 1709,3249 1816,3247 1924,3246 2031,3244 2138,3242 2245,3242 2352,3240 2460,3240"/>
                <Word id="r1l55_w1" custom="readingOrder {index:0;}">
                    <Coords points="299,3231 299,3291 384,3291 384,3231"/>
                    <TextEquiv>
                        <Unicode>das</Unicode>
                    </TextEquiv>
                </Word>
                <Word id="r1l55_w2" custom="readingOrder {index:1;}">
                    <Coords points="427,3228 427,3288 758,3288 758,3228"/>
                    <TextEquiv>
                        <Unicode>Duellmotiv</Unicode>
                    </TextEquiv>
                </Word>
                <Word id="r1l55_w3" custom="readingOrder {index:2;}">
                    <Coords points="801,3226 801,3286 852,3286 852,3226"/>
                    <TextEquiv>
                        <Unicode>in</Unicode>
                    </TextEquiv>
                </Word>
                <Word id="r1l55_w4" custom="readingOrder {index:3;}">
                    <Coords points="894,3223 894,3283 1039,3283 1039,3223"/>
                    <TextEquiv>
                        <Unicode>einem</Unicode>
                    </TextEquiv>
                </Word>
                <Word id="r1l55_w5" custom="readingOrder {index:4;}">
                    <Coords points="1098,3217 1098,3277 1430,3277 1430,3217"/>
                    <TextEquiv>
                        <Unicode>meisterhaft</Unicode>
                    </TextEquiv>
                </Word>
                <Word id="r1l55_w6" custom="readingOrder {index:5;}">
                    <Coords points="1464,3209 1464,3269 1821,3269 1821,3209"/>
                    <TextEquiv>
                        <Unicode>geschilderten</Unicode>
                    </TextEquiv>
                </Word>
                <Word id="r1l55_w7" custom="readingOrder {index:6;}">
                    <Coords points="1855,3205 1855,3265 2076,3265 2076,3205"/>
                    <TextEquiv>
                        <Unicode>Milien.</Unicode>
                    </TextEquiv>
                </Word>
                <Word id="r1l55_w8" custom="readingOrder {index:7;}">
                    <Coords points="2127,3202 2127,3262 2246,3262 2246,3202"/>
                    <TextEquiv>
                        <Unicode>Nun</Unicode>
                    </TextEquiv>
                </Word>
                <Word id="r1l55_w9" custom="readingOrder {index:8;}">
                    <Coords points="2288,3200 2288,3260 2458,3260 2458,3200"/>
                    <TextEquiv>
                        <Unicode>folgte</Unicode>
                    </TextEquiv>
                </Word>
                <TextEquiv>
                    <Unicode>das Duellmotiv in einem meisterhaft geschilderten Milieu. Nun folgte</Unicode>
                </TextEquiv>
            </TextLine>
            <TextLine id="r1l56" custom="readingOrder {index:38;} work {offset:1; length:8;}">
                <Coords points="302,3369 2469,3327 2468,3261 2347,3255 301,3296"/>
                <Baseline points="316,3350 423,3348 530,3346 637,3344 744,3343 851,3342 958,3340 1065,3338 1172,3336 1279,3334 1386,3332 1493,3330 1600,3328 1707,3326 1814,3324 1921,3323 2028,3322 2135,3320 2242,3320 2349,3320 2456,3318"/>
                <Word id="r1l56_w1" custom="readingOrder {index:0;}">
                    <Coords points="299,3307 299,3367 609,3367 609,3307"/>
                    <TextEquiv>
                        <Unicode>„Liebelei“,</Unicode>
                    </TextEquiv>
                </Word>
                <Word id="r1l56_w2" custom="readingOrder {index:1;}">
                    <Coords points="634,3303 634,3363 718,3363 718,3303"/>
                    <TextEquiv>
                        <Unicode>die</Unicode>
                    </TextEquiv>
                </Word>
                <Word id="r1l56_w3" custom="readingOrder {index:2;}">
                    <Coords points="768,3300 768,3360 1045,3360 1045,3300"/>
                    <TextEquiv>
                        <Unicode>Tragödie</Unicode>
                    </TextEquiv>
                </Word>
                <Word id="r1l56_w4" custom="readingOrder {index:3;}">
                    <Coords points="1087,3296 1087,3356 1171,3356 1171,3296"/>
                    <TextEquiv>
                        <Unicode>des</Unicode>
                    </TextEquiv>
                </Word>
                <Word id="r1l56_w5" custom="readingOrder {index:4;}">
                    <Coords points="1213,3292 1213,3352 1506,3352 1506,3292"/>
                    <TextEquiv>
                        <Unicode>Mädchens</Unicode>
                    </TextEquiv>
                </Word>
                <Word id="r1l56_w6" custom="readingOrder {index:5;}">
                    <Coords points="1548,3287 1548,3347 1657,3347 1657,3287"/>
                    <TextEquiv>
                        <Unicode>aus</Unicode>
                    </TextEquiv>
                </Word>
                <Word id="r1l56_w7" custom="readingOrder {index:6;}">
                    <Coords points="1707,3285 1707,3345 1799,3345 1799,3285"/>
                    <TextEquiv>
                        <Unicode>dem</Unicode>
                    </TextEquiv>
                </Word>
                <Word id="r1l56_w8" custom="readingOrder {index:7;}">
                    <Coords points="1867,3282 1867,3342 2051,3342 2051,3282"/>
                    <TextEquiv>
                        <Unicode>Volke,</Unicode>
                    </TextEquiv>
                </Word>
                <Word id="r1l56_w9" custom="readingOrder {index:8;}">
                    <Coords points="2076,3280 2076,3340 2336,3340 2336,3280"/>
                    <TextEquiv>
                        <Unicode>vielleicht</Unicode>
                    </TextEquiv>
                </Word>
                <Word id="r1l56_w10" custom="readingOrder {index:9;}">
                    <Coords points="2370,3278 2370,3338 2453,3338 2453,3278"/>
                    <TextEquiv>
                        <Unicode>des</Unicode>
                    </TextEquiv>
                </Word>
                <TextEquiv>
                    <Unicode>»Liebelei«, die Tragödie des Mädchens aus dem Volke, vielleicht des</Unicode>
                </TextEquiv>
            </TextLine>
            <TextLine id="r1l57" custom="readingOrder {index:39;} person {offset:34; length:10;}">
                <Coords points="306,3446 2262,3429 2470,3409 2469,3347 304,3369"/>
                <Baseline points="320,3426 426,3424 533,3422 640,3421 747,3420 854,3418 960,3416 1067,3413 1174,3412 1281,3409 1388,3408 1494,3406 1601,3404 1708,3402 1815,3400 1922,3398 2028,3398 2135,3398 2242,3396 2349,3396 2456,3396"/>
                <Word id="r1l57_w1" custom="readingOrder {index:0;}">
                    <Coords points="302,3383 302,3443 574,3443 574,3383"/>
                    <TextEquiv>
                        <Unicode>Mädchens</Unicode>
                    </TextEquiv>
                </Word>
                <Word id="r1l57_w2" custom="readingOrder {index:1;}">
                    <Coords points="617,3379 617,3439 948,3439 948,3379"/>
                    <TextEquiv>
                        <Unicode>überhaupt.</Unicode>
                    </TextEquiv>
                </Word>
                <Word id="r1l57_w3" custom="readingOrder {index:2;}">
                    <Coords points="1042,3372 1042,3432 1119,3432 1119,3372"/>
                    <TextEquiv>
                        <Unicode>Es</Unicode>
                    </TextEquiv>
                </Word>
                <Word id="r1l57_w4" custom="readingOrder {index:3;}">
                    <Coords points="1161,3368 1161,3428 1484,3428 1484,3368"/>
                    <TextEquiv>
                        <Unicode>begründete</Unicode>
                    </TextEquiv>
                </Word>
                <Word id="r1l57_w5" custom="readingOrder {index:4;}">
                    <Coords points="1518,3362 1518,3422 1833,3422 1833,3362"/>
                    <TextEquiv>
                        <Unicode>Schnitzlers</Unicode>
                    </TextEquiv>
                </Word>
                <Word id="r1l57_w6" custom="readingOrder {index:5;}">
                    <Coords points="1867,3358 1867,3418 1986,3418 1986,3358"/>
                    <TextEquiv>
                        <Unicode>Ruf</Unicode>
                    </TextEquiv>
                </Word>
                <Word id="r1l57_w7" custom="readingOrder {index:6;}">
                    <Coords points="2012,3358 2012,3418 2122,3418 2122,3358"/>
                    <TextEquiv>
                        <Unicode>und</Unicode>
                    </TextEquiv>
                </Word>
                <Word id="r1l57_w8" custom="readingOrder {index:7;}">
                    <Coords points="2182,3356 2182,3416 2369,3416 2369,3356"/>
                    <TextEquiv>
                        <Unicode>wurde</Unicode>
                    </TextEquiv>
                </Word>
                <Word id="r1l57_w9" custom="readingOrder {index:8;}">
                    <Coords points="2403,3356 2403,3416 2454,3416 2454,3356"/>
                    <TextEquiv>
                        <Unicode>in</Unicode>
                    </TextEquiv>
                </Word>
                <TextEquiv>
                    <Unicode>Mädchens überhaupt. Es begründete Schnitzlers Ruf und wurde in</Unicode>
                </TextEquiv>
            </TextLine>
            <TextLine id="r1l58" custom="readingOrder {index:40;} work {offset:54; length:11;}">
                <Coords points="299,3520 2343,3512 2485,3501 2484,3405 298,3438"/>
                <Baseline points="312,3504 419,3502 527,3502 635,3500 743,3498 851,3496 959,3494 1067,3493 1175,3492 1283,3490 1391,3488 1498,3486 1606,3484 1714,3482 1822,3479 1930,3478 2038,3475 2146,3474 2254,3472 2362,3469 2470,3466"/>
                <Word id="r1l58_w1" custom="readingOrder {index:0;}">
                    <Coords points="296,3463 296,3523 368,3523 368,3463"/>
                    <TextEquiv>
                        <Unicode>die</Unicode>
                    </TextEquiv>
                </Word>
                <Word id="r1l58_w2" custom="readingOrder {index:1;}">
                    <Coords points="403,3460 403,3520 830,3520 830,3460"/>
                    <TextEquiv>
                        <Unicode>verschiedensten</Unicode>
                    </TextEquiv>
                </Word>
                <Word id="r1l58_w3" custom="readingOrder {index:2;}">
                    <Coords points="884,3453 884,3513 1151,3513 1151,3453"/>
                    <TextEquiv>
                        <Unicode>Sprachen</Unicode>
                    </TextEquiv>
                </Word>
                <Word id="r1l58_w4" custom="readingOrder {index:3;}">
                    <Coords points="1195,3449 1195,3509 1462,3509 1462,3449"/>
                    <TextEquiv>
                        <Unicode>übersetzt.</Unicode>
                    </TextEquiv>
                </Word>
                <Word id="r1l58_w5" custom="readingOrder {index:4;}">
                    <Coords points="1489,3445 1489,3505 1605,3505 1605,3445"/>
                    <TextEquiv>
                        <Unicode>Das</Unicode>
                    </TextEquiv>
                </Word>
                <Word id="r1l58_w6" custom="readingOrder {index:5;}">
                    <Coords points="1658,3440 1658,3500 1907,3500 1907,3440"/>
                    <TextEquiv>
                        <Unicode>folgende</Unicode>
                    </TextEquiv>
                </Word>
                <Word id="r1l58_w7" custom="readingOrder {index:6;}">
                    <Coords points="1925,3434 1925,3494 2334,3494 2334,3434"/>
                    <TextEquiv>
                        <Unicode>„Vermächtniß</Unicode>
                    </TextEquiv>
                </Word>
                <Word id="r1l58_w8" custom="readingOrder {index:7;}">
                    <Coords points="2406,3426 2406,3486 2468,3486 2468,3426"/>
                    <TextEquiv>
                        <Unicode>ist</Unicode>
                    </TextEquiv>
                </Word>
                <TextEquiv>
                    <Unicode>die verschiedensten Sprachen übersetzt. Das folgende »Vermächtniß« ist</Unicode>
                </TextEquiv>
            </TextLine>
            <TextLine id="r1l59" custom="readingOrder {index:41;} work {offset:22; length:13;}">
                <Coords points="302,3613 2231,3585 2482,3564 2481,3504 300,3523"/>
                <Baseline points="316,3582 423,3580 531,3578 638,3577 746,3576 854,3574 961,3572 1069,3570 1176,3568 1284,3566 1392,3566 1499,3564 1607,3562 1714,3560 1822,3558 1930,3556 2037,3554 2145,3552 2252,3550 2360,3550 2468,3548"/>
                <Word id="r1l59_w1" custom="readingOrder {index:0;}">
                    <Coords points="298,3541 298,3601 368,3601 368,3541"/>
                    <TextEquiv>
                        <Unicode>ein</Unicode>
                    </TextEquiv>
                </Word>
                <Word id="r1l59_w2" custom="readingOrder {index:1;}">
                    <Coords points="430,3537 430,3597 702,3597 702,3537"/>
                    <TextEquiv>
                        <Unicode>schwaches</Unicode>
                    </TextEquiv>
                </Word>
                <Word id="r1l59_w3" custom="readingOrder {index:2;}">
                    <Coords points="754,3534 754,3594 947,3594 947,3534"/>
                    <TextEquiv>
                        <Unicode>Stück,</Unicode>
                    </TextEquiv>
                </Word>
                <Word id="r1l59_w4" custom="readingOrder {index:3;}">
                    <Coords points="974,3530 974,3590 1114,3590 1114,3530"/>
                    <TextEquiv>
                        <Unicode>„Die</Unicode>
                    </TextEquiv>
                </Word>
                <Word id="r1l59_w5" custom="readingOrder {index:4;}">
                    <Coords points="1149,3526 1149,3586 1474,3586 1474,3526"/>
                    <TextEquiv>
                        <Unicode>Gefährtin“</Unicode>
                    </TextEquiv>
                </Word>
                <Word id="r1l59_w6" custom="readingOrder {index:5;}">
                    <Coords points="1509,3521 1509,3581 1737,3581 1737,3521"/>
                    <TextEquiv>
                        <Unicode>dagegen</Unicode>
                    </TextEquiv>
                </Word>
                <Word id="r1l59_w7" custom="readingOrder {index:6;}">
                    <Coords points="1772,3517 1772,3577 1912,3577 1912,3517"/>
                    <TextEquiv>
                        <Unicode>voll,</Unicode>
                    </TextEquiv>
                </Word>
                <Word id="r1l59_w8" custom="readingOrder {index:7;}">
                    <Coords points="1921,3513 1921,3573 2176,3573 2176,3513"/>
                    <TextEquiv>
                        <Unicode>Feinheit</Unicode>
                    </TextEquiv>
                </Word>
                <Word id="r1l59_w9" custom="readingOrder {index:8;}">
                    <Coords points="2202,3510 2202,3570 2307,3570 2307,3510"/>
                    <TextEquiv>
                        <Unicode>und</Unicode>
                    </TextEquiv>
                </Word>
                <Word id="r1l59_w10" custom="readingOrder {index:9;}">
                    <Coords points="2342,3509 2342,3569 2474,3569 2474,3509"/>
                    <TextEquiv>
                        <Unicode>Ele¬</Unicode>
                    </TextEquiv>
                </Word>
                <TextEquiv>
                    <Unicode>ein schwaches Stück, »Die Gefährtin« dagegen voll Feinheit und Ele¬</Unicode>
                </TextEquiv>
            </TextLine>
            <TextLine id="r1l60" custom="readingOrder {index:42;} work {offset:10; length:10;}">
                <Coords points="295,3687 2467,3659 2482,3566 293,3618"/>
                <Baseline points="308,3662 416,3660 524,3660 632,3658 740,3656 848,3653 956,3651 1064,3649 1172,3646 1280,3644 1388,3642 1496,3640 1604,3638 1712,3636 1820,3635 1928,3633 2036,3632 2144,3630 2252,3629 2360,3628 2468,3628"/>
                <Word id="r1l60_w1" custom="readingOrder {index:0;}">
                    <Coords points="291,3620 291,3680 458,3680 458,3620"/>
                    <TextEquiv>
                        <Unicode>ganz.</Unicode>
                    </TextEquiv>
                </Word>
                <Word id="r1l60_w2" custom="readingOrder {index:1;}">
                    <Coords points="519,3619 519,3679 607,3679 607,3619"/>
                    <TextEquiv>
                        <Unicode>In</Unicode>
                    </TextEquiv>
                </Word>
                <Word id="r1l60_w3" custom="readingOrder {index:2;}">
                    <Coords points="651,3613 651,3673 1045,3673 1045,3613"/>
                    <TextEquiv>
                        <Unicode>„Paracelsus“</Unicode>
                    </TextEquiv>
                </Word>
                <Word id="r1l60_w4" custom="readingOrder {index:3;}">
                    <Coords points="1089,3606 1089,3666 1212,3666 1212,3606"/>
                    <TextEquiv>
                        <Unicode>sind</Unicode>
                    </TextEquiv>
                </Word>
                <Word id="r1l60_w5" custom="readingOrder {index:4;}">
                    <Coords points="1265,3603 1265,3663 1352,3663 1352,3603"/>
                    <TextEquiv>
                        <Unicode>die</Unicode>
                    </TextEquiv>
                </Word>
                <Word id="r1l60_w6" custom="readingOrder {index:5;}">
                    <Coords points="1405,3599 1405,3659 1616,3659 1616,3599"/>
                    <TextEquiv>
                        <Unicode>Farben</Unicode>
                    </TextEquiv>
                </Word>
                <Word id="r1l60_w7" custom="readingOrder {index:6;}">
                    <Coords points="1677,3595 1677,3655 1844,3655 1844,3595"/>
                    <TextEquiv>
                        <Unicode>etwas</Unicode>
                    </TextEquiv>
                </Word>
                <Word id="r1l60_w8" custom="readingOrder {index:7;}">
                    <Coords points="1905,3592 1905,3652 2045,3652 2045,3592"/>
                    <TextEquiv>
                        <Unicode>stark</Unicode>
                    </TextEquiv>
                </Word>
                <Word id="r1l60_w9" custom="readingOrder {index:8;}">
                    <Coords points="2098,3588 2098,3648 2484,3648 2484,3588"/>
                    <TextEquiv>
                        <Unicode>aufgetragen,</Unicode>
                    </TextEquiv>
                </Word>
                <TextEquiv>
                    <Unicode>ganz. In »Paracelsus« sind die Farben etwas stark aufgetragen,</Unicode>
                </TextEquiv>
            </TextLine>
            <TextLine id="line_1655445673961_9" custom="readingOrder {index:43;} work {offset:57; length:9; continued:true;}">
                <Coords points="406,3677 2070,3632 2467,3655 2469,3724 417,3762 294,3763 292,3689"/>
                <Baseline points="306,3738 332,3740 358,3740 384,3740 411,3738 437,3736 463,3735 489,3734 516,3736 548,3736 643,3734 738,3733 833,3731 929,3730 1024,3728 1119,3726 1215,3724 1310,3722 1405,3720 1501,3720 1596,3718 1691,3716 1786,3714 1882,3714 1977,3712 2072,3710 2168,3708 2263,3706 2358,3706 2454,3704"/>
                <Word id="r1l61_w1" custom="readingOrder {index:0;}">
                    <Coords points="531,3693 531,3753 942,3753 942,3693"/>
                    <TextEquiv>
                        <Unicode>Bühnenerfolg</Unicode>
                    </TextEquiv>
                </Word>
                <Word id="r1l61_w2" custom="readingOrder {index:1;}">
                    <Coords points="996,3686 996,3746 1148,3746 1148,3686"/>
                    <TextEquiv>
                        <Unicode>hatte</Unicode>
                    </TextEquiv>
                </Word>
                <Word id="r1l61_w3" custom="readingOrder {index:2;}">
                    <Coords points="1201,3683 1201,3743 1282,3743 1282,3683"/>
                    <TextEquiv>
                        <Unicode>die</Unicode>
                    </TextEquiv>
                </Word>
                <Word id="r1l61_w4" custom="readingOrder {index:3;}">
                    <Coords points="1335,3678 1335,3738 1773,3738 1773,3678"/>
                    <TextEquiv>
                        <Unicode>sozialpolitische</Unicode>
                    </TextEquiv>
                </Word>
                <Word id="r1l61_w5" custom="readingOrder {index:4;}">
                    <Coords points="1809,3672 1809,3732 2068,3732 2068,3672"/>
                    <TextEquiv>
                        <Unicode>Burleske</Unicode>
                    </TextEquiv>
                </Word>
                <Word id="r1l61_w6" custom="readingOrder {index:5;}">
                    <Coords points="2112,3667 2112,3727 2255,3727 2255,3667"/>
                    <TextEquiv>
                        <Unicode>„Der</Unicode>
                    </TextEquiv>
                </Word>
                <Word id="r1l61_w7" custom="readingOrder {index:6;}">
                    <Coords points="2291,3665 2291,3725 2461,3725 2461,3665"/>
                    <TextEquiv>
                        <Unicode>grüne</Unicode>
                    </TextEquiv>
                </Word>
                <Word id="r1l62_w1" custom="readingOrder {index:7;}">
                    <Coords points="290,3699 290,3759 489,3759 489,3699"/>
                    <TextEquiv>
                        <Unicode>großen</Unicode>
                    </TextEquiv>
                </Word>
                <TextEquiv>
                    <Unicode>großen Bühnenerfolg hatte die sozialpolitische Burleske »Der grüne</Unicode>
                </TextEquiv>
            </TextLine>
            <TextLine id="r1l63" custom="readingOrder {index:44;} work {offset:0; length:6; continued:true;}">
                <Coords points="309,3829 2416,3813 2483,3727 308,3761"/>
                <Baseline points="324,3816 431,3814 538,3814 645,3812 753,3810 860,3808 967,3806 1075,3804 1182,3802 1289,3800 1397,3798 1504,3796 1611,3794 1718,3792 1826,3790 1933,3789 2040,3788 2148,3786 2255,3786 2362,3784 2470,3784"/>
                <Word id="r1l63_w1" custom="readingOrder {index:0;}">
                    <Coords points="306,3774 306,3834 557,3834 557,3774"/>
                    <TextEquiv>
                        <Unicode>Kakado“,</Unicode>
                    </TextEquiv>
                </Word>
                <Word id="r1l63_w2" custom="readingOrder {index:1;}">
                    <Coords points="609,3771 609,3831 704,3831 704,3771"/>
                    <TextEquiv>
                        <Unicode>die</Unicode>
                    </TextEquiv>
                </Word>
                <Word id="r1l63_w3" custom="readingOrder {index:2;}">
                    <Coords points="756,3768 756,3828 894,3828 894,3768"/>
                    <TextEquiv>
                        <Unicode>trotz</Unicode>
                    </TextEquiv>
                </Word>
                <Word id="r1l63_w4" custom="readingOrder {index:3;}">
                    <Coords points="955,3765 955,3825 1050,3825 1050,3765"/>
                    <TextEquiv>
                        <Unicode>der</Unicode>
                    </TextEquiv>
                </Word>
                <Word id="r1l63_w5" custom="readingOrder {index:4;}">
                    <Coords points="1110,3760 1110,3820 1430,3820 1430,3760"/>
                    <TextEquiv>
                        <Unicode>historischen</Unicode>
                    </TextEquiv>
                </Word>
                <Word id="r1l63_w6" custom="readingOrder {index:5;}">
                    <Coords points="1491,3754 1491,3814 1698,3814 1698,3754"/>
                    <TextEquiv>
                        <Unicode>Maske</Unicode>
                    </TextEquiv>
                </Word>
                <Word id="r1l63_w7" custom="readingOrder {index:6;}">
                    <Coords points="1759,3749 1759,3809 1932,3809 1932,3749"/>
                    <TextEquiv>
                        <Unicode>völlig</Unicode>
                    </TextEquiv>
                </Word>
                <Word id="r1l63_w8" custom="readingOrder {index:7;}">
                    <Coords points="1992,3746 1992,3806 2217,3806 2217,3746"/>
                    <TextEquiv>
                        <Unicode>modern</Unicode>
                    </TextEquiv>
                </Word>
                <Word id="r1l63_w9" custom="readingOrder {index:8;}">
                    <Coords points="2286,3744 2286,3804 2485,3804 2485,3744"/>
                    <TextEquiv>
                        <Unicode>wirkt.</Unicode>
                    </TextEquiv>
                </Word>
                <TextEquiv>
                    <Unicode>Kakadu«, die trotz der historischen Maske völlig modern wirkt.</Unicode>
                </TextEquiv>
            </TextLine>
            <TextLine id="r1l64" custom="readingOrder {index:45;} person {offset:0; length:10;} work {offset:64; length:8;}">
                <Coords points="309,3908 2372,3893 2473,3872 2472,3792 308,3829"/>
                <Baseline points="324,3892 430,3892 537,3892 644,3890 751,3890 858,3888 964,3886 1071,3884 1178,3882 1285,3880 1392,3878 1498,3876 1605,3873 1712,3871 1819,3868 1926,3868 2032,3866 2139,3864 2246,3864 2353,3862 2460,3862"/>
                <Word id="r1l64_w1" custom="readingOrder {index:0;}">
                    <Coords points="306,3852 306,3912 607,3912 607,3852"/>
                    <TextEquiv>
                        <Unicode>Schnitzlers</Unicode>
                    </TextEquiv>
                </Word>
                <Word id="r1l64_w2" custom="readingOrder {index:1;}">
                    <Coords points="642,3849 642,3909 908,3909 908,3849"/>
                    <TextEquiv>
                        <Unicode>neuestes,</Unicode>
                    </TextEquiv>
                </Word>
                <Word id="r1l64_w3" custom="readingOrder {index:2;}">
                    <Coords points="934,3845 934,3905 1055,3905 1055,3845"/>
                    <TextEquiv>
                        <Unicode>noch</Unicode>
                    </TextEquiv>
                </Word>
                <Word id="r1l64_w4" custom="readingOrder {index:3;}">
                    <Coords points="1098,3842 1098,3902 1235,3902 1235,3842"/>
                    <TextEquiv>
                        <Unicode>nicht</Unicode>
                    </TextEquiv>
                </Word>
                <Word id="r1l64_w5" custom="readingOrder {index:4;}">
                    <Coords points="1261,3837 1261,3897 1622,3897 1622,3837"/>
                    <TextEquiv>
                        <Unicode>aufgeführtes</Unicode>
                    </TextEquiv>
                </Word>
                <Word id="r1l64_w6" custom="readingOrder {index:5;}">
                    <Coords points="1657,3830 1657,3890 1812,3890 1812,3830"/>
                    <TextEquiv>
                        <Unicode>Stück</Unicode>
                    </TextEquiv>
                </Word>
                <Word id="r1l64_w7" custom="readingOrder {index:6;}">
                    <Coords points="1829,3828 1829,3888 2009,3888 2009,3828"/>
                    <TextEquiv>
                        <Unicode>nennt</Unicode>
                    </TextEquiv>
                </Word>
                <Word id="r1l64_w8" custom="readingOrder {index:7;}">
                    <Coords points="2027,3825 2027,3885 2113,3885 2113,3825"/>
                    <TextEquiv>
                        <Unicode>sich</Unicode>
                    </TextEquiv>
                </Word>
                <Word id="r1l64_w9" custom="readingOrder {index:8;}">
                    <Coords points="2138,3823 2138,3883 2457,3883 2457,3823"/>
                    <TextEquiv>
                        <Unicode>„Beatrice“</Unicode>
                    </TextEquiv>
                </Word>
                <TextEquiv>
                    <Unicode>Schnitzlers neuestes, noch nicht aufgeführtes Stück nennt sich »Beatrice«</Unicode>
                </TextEquiv>
            </TextLine>
            <TextLine id="r1l65" custom="readingOrder {index:46;}">
                <Coords points="304,3991 2482,3952 2450,3865 303,3909"/>
                <Baseline points="318,3966 425,3966 533,3966 640,3966 748,3964 855,3962 963,3961 1070,3960 1178,3958 1285,3956 1393,3952 1500,3950 1608,3949 1715,3946 1823,3945 1930,3944 2038,3942 2145,3942 2253,3940 2360,3940 2468,3940"/>
                <Word id="r1l65_w1" custom="readingOrder {index:0;}">
                    <Coords points="301,3926 301,3986 396,3986 396,3926"/>
                    <TextEquiv>
                        <Unicode>und</Unicode>
                    </TextEquiv>
                </Word>
                <Word id="r1l65_w2" custom="readingOrder {index:1;}">
                    <Coords points="439,3926 439,3986 508,3986 508,3926"/>
                    <TextEquiv>
                        <Unicode>ist</Unicode>
                    </TextEquiv>
                </Word>
                <Word id="r1l65_w3" custom="readingOrder {index:2;}">
                    <Coords points="543,3926 543,3986 586,3986 586,3926"/>
                    <TextEquiv>
                        <Unicode>in</Unicode>
                    </TextEquiv>
                </Word>
                <Word id="r1l65_w4" custom="readingOrder {index:3;}">
                    <Coords points="629,3924 629,3984 827,3984 827,3924"/>
                    <TextEquiv>
                        <Unicode>Versen</Unicode>
                    </TextEquiv>
                </Word>
                <Word id="r1l65_w5" custom="readingOrder {index:4;}">
                    <Coords points="879,3920 879,3980 1232,3980 1232,3920"/>
                    <TextEquiv>
                        <Unicode>geschrieben.</Unicode>
                    </TextEquiv>
                </Word>
                <Word id="r1l65_w6" custom="readingOrder {index:5;}">
                    <Coords points="1327,3912 1327,3972 1422,3972 1422,3912"/>
                    <TextEquiv>
                        <Unicode>Ein</Unicode>
                    </TextEquiv>
                </Word>
                <Word id="r1l65_w7" custom="readingOrder {index:6;}">
                    <Coords points="1483,3908 1483,3968 1802,3968 1802,3908"/>
                    <TextEquiv>
                        <Unicode>Mittelding</Unicode>
                    </TextEquiv>
                </Word>
                <Word id="r1l65_w8" custom="readingOrder {index:7;}">
                    <Coords points="1862,3903 1862,3963 2095,3963 2095,3903"/>
                    <TextEquiv>
                        <Unicode>zwischen</Unicode>
                    </TextEquiv>
                </Word>
                <Word id="r1l65_w9" custom="readingOrder {index:8;}">
                    <Coords points="2155,3900 2155,3960 2293,3960 2293,3900"/>
                    <TextEquiv>
                        <Unicode>Buch</Unicode>
                    </TextEquiv>
                </Word>
                <Word id="r1l65_w10" custom="readingOrder {index:9;}">
                    <Coords points="2354,3900 2354,3960 2457,3960 2457,3900"/>
                    <TextEquiv>
                        <Unicode>und</Unicode>
                    </TextEquiv>
                </Word>
                <TextEquiv>
                    <Unicode>und ist in Versen geschrieben. Ein Mittelding zwischen Buch und</Unicode>
                </TextEquiv>
            </TextLine>
            <TextLine id="r1l66" custom="readingOrder {index:47;} work {offset:16; length:6;}">
                <Coords points="305,4062 2439,4043 2482,3955 304,3991"/>
                <Baseline points="318,4046 425,4046 533,4044 640,4044 748,4042 855,4041 963,4040 1070,4038 1178,4036 1285,4034 1393,4032 1500,4030 1608,4028 1715,4026 1823,4024 1930,4022 2038,4022 2145,4020 2253,4020 2360,4018 2468,4018"/>
                <Word id="r1l66_w1" custom="readingOrder {index:0;}">
                    <Coords points="302,4006 302,4066 490,4066 490,4006"/>
                    <TextEquiv>
                        <Unicode>Bühne</Unicode>
                    </TextEquiv>
                </Word>
                <Word id="r1l66_w2" custom="readingOrder {index:1;}">
                    <Coords points="524,4004 524,4064 592,4064 592,4004"/>
                    <TextEquiv>
                        <Unicode>ist</Unicode>
                    </TextEquiv>
                </Word>
                <Word id="r1l66_w3" custom="readingOrder {index:2;}">
                    <Coords points="626,4003 626,4063 728,4063 728,4003"/>
                    <TextEquiv>
                        <Unicode>sein</Unicode>
                    </TextEquiv>
                </Word>
                <Word id="r1l66_w4" custom="readingOrder {index:3;}">
                    <Coords points="771,4000 771,4060 1061,4060 1061,4000"/>
                    <TextEquiv>
                        <Unicode>„Anatol“,</Unicode>
                    </TextEquiv>
                </Word>
                <Word id="r1l66_w5" custom="readingOrder {index:4;}">
                    <Coords points="1095,3996 1095,4056 1163,4056 1163,3996"/>
                    <TextEquiv>
                        <Unicode>ein</Unicode>
                    </TextEquiv>
                </Word>
                <Word id="r1l66_w6" custom="readingOrder {index:5;}">
                    <Coords points="1214,3992 1214,4052 1572,4052 1572,3992"/>
                    <TextEquiv>
                        <Unicode>Meisterstück</Unicode>
                    </TextEquiv>
                </Word>
                <Word id="r1l66_w7" custom="readingOrder {index:6;}">
                    <Coords points="1598,3985 1598,4045 1836,4045 1836,3985"/>
                    <TextEquiv>
                        <Unicode>genialer</Unicode>
                    </TextEquiv>
                </Word>
                <Word id="r1l66_w8" custom="readingOrder {index:7;}">
                    <Coords points="1862,3982 1862,4042 2186,4042 2186,3982"/>
                    <TextEquiv>
                        <Unicode>Plauderei,</Unicode>
                    </TextEquiv>
                </Word>
                <Word id="r1l66_w9" custom="readingOrder {index:8;}">
                    <Coords points="2211,3978 2211,4038 2467,4038 2467,3978"/>
                    <TextEquiv>
                        <Unicode>während</Unicode>
                    </TextEquiv>
                </Word>
                <TextEquiv>
                    <Unicode>Bühne ist sein »Anatol«, ein Meisterstück genialer Plauderei, während</Unicode>
                </TextEquiv>
            </TextLine>
            <TextLine id="r1l67" custom="readingOrder {index:48;}">
                <Coords points="300,4149 2481,4108 2480,4034 2214,4025 299,4062"/>
                <Baseline points="314,4122 421,4122 529,4122 637,4122 744,4122 852,4120 960,4118 1067,4117 1175,4116 1283,4112 1391,4110 1498,4108 1606,4106 1714,4104 1821,4102 1929,4100 2037,4098 2144,4096 2252,4094 2360,4094 2468,4092"/>
                <Word id="r1l67_w1" custom="readingOrder {index:0;}">
                    <Coords points="297,4082 297,4142 431,4142 431,4082"/>
                    <TextEquiv>
                        <Unicode>seine</Unicode>
                    </TextEquiv>
                </Word>
                <Word id="r1l67_w2" custom="readingOrder {index:1;}">
                    <Coords points="482,4082 482,4142 810,4142 810,4082"/>
                    <TextEquiv>
                        <Unicode>„Novellen“</Unicode>
                    </TextEquiv>
                </Word>
                <Word id="r1l67_w3" custom="readingOrder {index:2;}">
                    <Coords points="860,4078 860,4138 969,4138 969,4078"/>
                    <TextEquiv>
                        <Unicode>das</Unicode>
                    </TextEquiv>
                </Word>
                <Word id="r1l67_w4" custom="readingOrder {index:3;}">
                    <Coords points="1028,4076 1028,4136 1263,4136 1263,4076"/>
                    <TextEquiv>
                        <Unicode>Problem</Unicode>
                    </TextEquiv>
                </Word>
                <Word id="r1l67_w5" custom="readingOrder {index:4;}">
                    <Coords points="1356,4069 1356,4129 1457,4129 1457,4069"/>
                    <TextEquiv>
                        <Unicode>des</Unicode>
                    </TextEquiv>
                </Word>
                <Word id="r1l67_w6" custom="readingOrder {index:5;}">
                    <Coords points="1507,4064 1507,4124 1818,4124 1818,4064"/>
                    <TextEquiv>
                        <Unicode>Sterbens,</Unicode>
                    </TextEquiv>
                </Word>
                <Word id="r1l67_w7" custom="readingOrder {index:6;}">
                    <Coords points="1860,4060 1860,4120 1953,4120 1953,4060"/>
                    <TextEquiv>
                        <Unicode>des</Unicode>
                    </TextEquiv>
                </Word>
                <Word id="r1l67_w8" custom="readingOrder {index:7;}">
                    <Coords points="2011,4055 2011,4115 2297,4115 2297,4055"/>
                    <TextEquiv>
                        <Unicode>Loslösens</Unicode>
                    </TextEquiv>
                </Word>
                <Word id="r1l67_w9" custom="readingOrder {index:8;}">
                    <Coords points="2373,4052 2373,4112 2465,4112 2465,4052"/>
                    <TextEquiv>
                        <Unicode>des</Unicode>
                    </TextEquiv>
                </Word>
                <TextEquiv>
                    <Unicode>seine »Novellen« das Problem des Sterbens, des Loslösens des</Unicode>
                </TextEquiv>
            </TextLine>
            <TextLine id="r1l68" custom="readingOrder {index:49;}">
                <Coords points="313,4217 2425,4208 2484,4116 311,4144"/>
                <Baseline points="326,4200 433,4202 540,4200 647,4200 754,4200 862,4198 969,4196 1076,4196 1183,4194 1290,4191 1398,4189 1505,4186 1612,4184 1719,4182 1826,4180 1934,4178 2041,4176 2148,4174 2255,4174 2362,4172 2470,4172"/>
                <Word id="r1l68_w1" custom="readingOrder {index:0;}">
                    <Coords points="309,4161 309,4221 560,4221 560,4161"/>
                    <TextEquiv>
                        <Unicode>Lebenden</Unicode>
                    </TextEquiv>
                </Word>
                <Word id="r1l68_w2" custom="readingOrder {index:1;}">
                    <Coords points="627,4160 627,4220 736,4220 736,4160"/>
                    <TextEquiv>
                        <Unicode>von</Unicode>
                    </TextEquiv>
                </Word>
                <Word id="r1l68_w3" custom="readingOrder {index:2;}">
                    <Coords points="811,4158 811,4218 903,4218 903,4158"/>
                    <TextEquiv>
                        <Unicode>dem</Unicode>
                    </TextEquiv>
                </Word>
                <Word id="r1l68_w4" custom="readingOrder {index:3;}">
                    <Coords points="996,4156 996,4216 1096,4216 1096,4156"/>
                    <TextEquiv>
                        <Unicode>dem</Unicode>
                    </TextEquiv>
                </Word>
                <Word id="r1l68_w5" custom="readingOrder {index:4;}">
                    <Coords points="1180,4151 1180,4211 1331,4211 1331,4151"/>
                    <TextEquiv>
                        <Unicode>Tode</Unicode>
                    </TextEquiv>
                </Word>
                <Word id="r1l68_w6" custom="readingOrder {index:5;}">
                    <Coords points="1372,4144 1372,4204 1766,4204 1766,4144"/>
                    <TextEquiv>
                        <Unicode>Verfallenen,</Unicode>
                    </TextEquiv>
                </Word>
                <Word id="r1l68_w7" custom="readingOrder {index:6;}">
                    <Coords points="1808,4137 1808,4197 2126,4197 2126,4137"/>
                    <TextEquiv>
                        <Unicode>ergreifend</Unicode>
                    </TextEquiv>
                </Word>
                <Word id="r1l68_w8" custom="readingOrder {index:7;}">
                    <Coords points="2201,4132 2201,4192 2478,4192 2478,4132"/>
                    <TextEquiv>
                        <Unicode>schildern.</Unicode>
                    </TextEquiv>
                </Word>
                <TextEquiv>
                    <Unicode>Lebenden von dem dem Tode Verfallenen, ergreifend schildern.</Unicode>
                </TextEquiv>
            </TextLine>
            <TextLine id="r1l69" custom="readingOrder {index:50;} person {offset:40; length:10;}">
                <Coords points="301,4294 2479,4262 2478,4194 1912,4230 1807,4172 300,4226"/>
                <Baseline points="314,4280 421,4280 529,4280 636,4278 744,4278 852,4276 959,4274 1067,4274 1174,4272 1282,4270 1390,4268 1497,4266 1605,4264 1712,4262 1820,4260 1928,4258 2035,4256 2143,4254 2250,4252 2358,4250 2466,4250"/>
                <Word id="r1l69_w1" custom="readingOrder {index:0;}">
                    <Coords points="298,4240 298,4300 575,4300 575,4240"/>
                    <TextEquiv>
                        <Unicode>Leichtsinn</Unicode>
                    </TextEquiv>
                </Word>
                <Word id="r1l69_w2" custom="readingOrder {index:1;}">
                    <Coords points="617,4238 617,4298 726,4298 726,4238"/>
                    <TextEquiv>
                        <Unicode>und</Unicode>
                    </TextEquiv>
                </Word>
                <Word id="r1l69_w3" custom="readingOrder {index:2;}">
                    <Coords points="760,4234 760,4294 1154,4294 1154,4234"/>
                    <TextEquiv>
                        <Unicode>Melancholie,</Unicode>
                    </TextEquiv>
                </Word>
                <Word id="r1l69_w4" custom="readingOrder {index:3;}">
                    <Coords points="1179,4230 1179,4290 1355,4290 1355,4230"/>
                    <TextEquiv>
                        <Unicode>beides</Unicode>
                    </TextEquiv>
                </Word>
                <Word id="r1l69_w5" custom="readingOrder {index:4;}">
                    <Coords points="1414,4226 1414,4286 1540,4286 1540,4226"/>
                    <TextEquiv>
                        <Unicode>weiß</Unicode>
                    </TextEquiv>
                </Word>
                <Word id="r1l69_w6" custom="readingOrder {index:5;}">
                    <Coords points="1590,4221 1590,4281 1884,4281 1884,4221"/>
                    <TextEquiv>
                        <Unicode>Schnitzler,</Unicode>
                    </TextEquiv>
                </Word>
                <Word id="r1l69_w7" custom="readingOrder {index:6;}">
                    <Coords points="1926,4217 1926,4277 1985,4277 1985,4217"/>
                    <TextEquiv>
                        <Unicode>zu</Unicode>
                    </TextEquiv>
                </Word>
                <Word id="r1l69_w8" custom="readingOrder {index:7;}">
                    <Coords points="2052,4212 2052,4272 2354,4272 2354,4212"/>
                    <TextEquiv>
                        <Unicode>verklären,</Unicode>
                    </TextEquiv>
                </Word>
                <Word id="r1l69_w9" custom="readingOrder {index:8;}">
                    <Coords points="2379,4210 2379,4270 2472,4270 2472,4210"/>
                    <TextEquiv>
                        <Unicode>der</Unicode>
                    </TextEquiv>
                </Word>
                <TextEquiv>
                    <Unicode>Leichtsinn und Melancholie, beides weiß Schnitzler zu verklären, der</Unicode>
                </TextEquiv>
            </TextLine>
            <TextLine id="r1l70" custom="readingOrder {index:51;}">
                <Coords points="272,4377 2489,4358 2487,4262 271,4322"/>
                <Baseline points="286,4362 395,4362 504,4362 614,4362 723,4362 833,4360 942,4360 1051,4358 1161,4356 1270,4354 1380,4352 1489,4350 1598,4348 1708,4346 1817,4342 1927,4341 2036,4338 2145,4336 2255,4335 2364,4334 2474,4332"/>
                <Word id="r1l70_w1" custom="readingOrder {index:0;}">
                    <Coords points="290,4322 290,4382 566,4382 566,4322"/>
                    <TextEquiv>
                        <Unicode>vielleicht</Unicode>
                    </TextEquiv>
                </Word>
                <Word id="r1l70_w2" custom="readingOrder {index:1;}">
                    <Coords points="596,4322 596,4382 694,4382 694,4322"/>
                    <TextEquiv>
                        <Unicode>kein</Unicode>
                    </TextEquiv>
                </Word>
                <Word id="r1l70_w3" custom="readingOrder {index:2;}">
                    <Coords points="724,4320 724,4380 1138,4380 1138,4320"/>
                    <TextEquiv>
                        <Unicode>Unsterblicher,</Unicode>
                    </TextEquiv>
                </Word>
                <Word id="r1l70_w4" custom="readingOrder {index:3;}">
                    <Coords points="1158,4314 1158,4374 1286,4374 1286,4314"/>
                    <TextEquiv>
                        <Unicode>aber</Unicode>
                    </TextEquiv>
                </Word>
                <Word id="r1l70_w5" custom="readingOrder {index:4;}">
                    <Coords points="1325,4312 1325,4372 1404,4372 1404,4312"/>
                    <TextEquiv>
                        <Unicode>ein</Unicode>
                    </TextEquiv>
                </Word>
                <Word id="r1l70_w6" custom="readingOrder {index:5;}">
                    <Coords points="1444,4309 1444,4369 1611,4369 1611,4309"/>
                    <TextEquiv>
                        <Unicode>echter</Unicode>
                    </TextEquiv>
                </Word>
                <Word id="r1l70_w7" custom="readingOrder {index:6;}">
                    <Coords points="1651,4303 1651,4363 1897,4363 1897,4303"/>
                    <TextEquiv>
                        <Unicode>Künstler</Unicode>
                    </TextEquiv>
                </Word>
                <Word id="r1l70_w8" custom="readingOrder {index:7;}">
                    <Coords points="1937,4299 1937,4359 2035,4359 2035,4299"/>
                    <TextEquiv>
                        <Unicode>ist.</Unicode>
                    </TextEquiv>
                </Word>
                <Word id="r1l70_w9" custom="readingOrder {index:8;}">
                    <Coords points="2084,4296 2084,4356 2203,4356 2203,4296"/>
                    <TextEquiv>
                        <Unicode>Zum</Unicode>
                    </TextEquiv>
                </Word>
                <Word id="r1l70_w10" custom="readingOrder {index:9;}">
                    <Coords points="2272,4293 2272,4353 2459,4353 2459,4293"/>
                    <TextEquiv>
                        <Unicode>Schluß</Unicode>
                    </TextEquiv>
                </Word>
                <TextEquiv>
                    <Unicode>vielleicht kein Unsterblicher, aber ein echter Künstler ist. Zum Schluß</Unicode>
                </TextEquiv>
            </TextLine>
            <TextLine id="r1l71" custom="readingOrder {index:52;} person {offset:4; length:15;}">
                <Coords points="277,4564 2357,4566 2477,4546 2476,4444 276,4482"/>
                <Baseline points="290,4550 398,4550 507,4550 616,4550 724,4549 833,4548 942,4546 1050,4546 1159,4544 1268,4542 1377,4540 1485,4539 1594,4538 1703,4536 1811,4536 1920,4534 2029,4534 2137,4534 2246,4534 2355,4534 2464,4534"/>
                <Word id="r1l71_w1" custom="readingOrder {index:0;}">
                    <Coords points="274,4510 274,4570 364,4570 364,4510"/>
                    <TextEquiv>
                        <Unicode>las</Unicode>
                    </TextEquiv>
                </Word>
                <Word id="r1l71_w2" custom="readingOrder {index:1;}">
                    <Coords points="418,4510 418,4570 589,4570 589,4510"/>
                    <TextEquiv>
                        <Unicode>Adele</Unicode>
                    </TextEquiv>
                </Word>
                <Word id="r1l71_w3" custom="readingOrder {index:2;}">
                    <Coords points="634,4508 634,4568 922,4568 922,4508"/>
                    <TextEquiv>
                        <Unicode>Schreiber</Unicode>
                    </TextEquiv>
                </Word>
                <Word id="r1l71_w4" custom="readingOrder {index:3;}">
                    <Coords points="976,4506 976,4566 1102,4566 1102,4506"/>
                    <TextEquiv>
                        <Unicode>drei</Unicode>
                    </TextEquiv>
                </Word>
                <Word id="r1l71_w5" custom="readingOrder {index:4;}">
                    <Coords points="1138,4502 1138,4562 1318,4562 1318,4502"/>
                    <TextEquiv>
                        <Unicode>seiner</Unicode>
                    </TextEquiv>
                </Word>
                <Word id="r1l71_w6" custom="readingOrder {index:5;}">
                    <Coords points="1372,4498 1372,4558 1614,4558 1614,4498"/>
                    <TextEquiv>
                        <Unicode>lyrischen</Unicode>
                    </TextEquiv>
                </Word>
                <Word id="r1l71_w7" custom="readingOrder {index:6;}">
                    <Coords points="1677,4496 1677,4556 1920,4556 1920,4496"/>
                    <TextEquiv>
                        <Unicode>Gedichte</Unicode>
                    </TextEquiv>
                </Word>
                <Word id="r1l71_w8" custom="readingOrder {index:7;}">
                    <Coords points="1974,4494 1974,4554 2082,4554 2082,4494"/>
                    <TextEquiv>
                        <Unicode>und</Unicode>
                    </TextEquiv>
                </Word>
                <Word id="r1l71_w9" custom="readingOrder {index:8;}">
                    <Coords points="2127,4494 2127,4554 2226,4554 2226,4494"/>
                    <TextEquiv>
                        <Unicode>die</Unicode>
                    </TextEquiv>
                </Word>
                <Word id="r1l71_w10" custom="readingOrder {index:9;}">
                    <Coords points="2271,4494 2271,4554 2451,4554 2451,4494"/>
                    <TextEquiv>
                        <Unicode>Szene</Unicode>
                    </TextEquiv>
                </Word>
                <TextEquiv>
                    <Unicode>las Adele Schreiber drei seiner lyrischen Gedichte und die Szene</Unicode>
                </TextEquiv>
            </TextLine>
            <TextLine id="r1l72" custom="readingOrder {index:53;} work {offset:1; length:18;} work {offset:26; length:6;}">
                <Coords points="301,4652 2463,4636 2486,4542 300,4570"/>
                <Baseline points="314,4632 422,4630 530,4628 638,4626 746,4624 854,4624 962,4622 1070,4620 1178,4620 1286,4618 1394,4618 1502,4616 1610,4616 1718,4616 1826,4614 1934,4614 2042,4614 2150,4614 2258,4612 2366,4612 2474,4612"/>
                <Word id="r1l72_w1" custom="readingOrder {index:0;}">
                    <Coords points="298,4586 298,4646 901,4646 901,4586"/>
                    <TextEquiv>
                        <Unicode>„Weihnachtseinkäufe</Unicode>
                    </TextEquiv>
                </Word>
                <Word id="r1l72_w2" custom="readingOrder {index:1;}">
                    <Coords points="969,4580 969,4640 1070,4640 1070,4580"/>
                    <TextEquiv>
                        <Unicode>aus</Unicode>
                    </TextEquiv>
                </Word>
                <Word id="r1l72_w3" custom="readingOrder {index:2;}">
                    <Coords points="1121,4578 1121,4638 1393,4638 1393,4578"/>
                    <TextEquiv>
                        <Unicode>„Anatol“</Unicode>
                    </TextEquiv>
                </Word>
                <Word id="r1l72_w4" custom="readingOrder {index:3;}">
                    <Coords points="1444,4576 1444,4636 1597,4636 1597,4576"/>
                    <TextEquiv>
                        <Unicode>vor,</Unicode>
                    </TextEquiv>
                </Word>
                <Word id="r1l72_w5" custom="readingOrder {index:4;}">
                    <Coords points="1639,4576 1639,4636 1750,4636 1750,4576"/>
                    <TextEquiv>
                        <Unicode>und</Unicode>
                    </TextEquiv>
                </Word>
                <Word id="r1l72_w6" custom="readingOrder {index:5;}">
                    <Coords points="1800,4574 1800,4634 1902,4634 1902,4574"/>
                    <TextEquiv>
                        <Unicode>der</Unicode>
                    </TextEquiv>
                </Word>
                <Word id="r1l72_w7" custom="readingOrder {index:6;}">
                    <Coords points="1945,4574 1945,4634 2182,4634 2182,4574"/>
                    <TextEquiv>
                        <Unicode>Beifall,</Unicode>
                    </TextEquiv>
                </Word>
                <Word id="r1l72_w8" custom="readingOrder {index:7;}">
                    <Coords points="2233,4572 2233,4632 2318,4632 2318,4572"/>
                    <TextEquiv>
                        <Unicode>den</Unicode>
                    </TextEquiv>
                </Word>
                <Word id="r1l72_w9" custom="readingOrder {index:8;}">
                    <Coords points="2386,4572 2386,4632 2454,4632 2454,4572"/>
                    <TextEquiv>
                        <Unicode>sie</Unicode>
                    </TextEquiv>
                </Word>
                <TextEquiv>
                    <Unicode>»Weihnachtseinkäufe« aus »Anatol« vor, und der Beifall, den sie</Unicode>
                </TextEquiv>
            </TextLine>
            <TextLine id="r1l73" custom="readingOrder {index:54;}">
                <Coords points="289,4729 2473,4721 2472,4636 2390,4623 289,4652"/>
                <Baseline points="302,4708 409,4706 517,4706 625,4706 733,4704 841,4704 949,4702 1057,4700 1165,4700 1273,4698 1381,4698 1488,4696 1596,4694 1704,4694 1812,4693 1920,4692 2028,4692 2136,4692 2244,4692 2352,4692 2460,4692"/>
                <Word id="r1l73_w1" custom="readingOrder {index:0;}">
                    <Coords points="287,4666 287,4726 439,4726 439,4666"/>
                    <TextEquiv>
                        <Unicode>fand,</Unicode>
                    </TextEquiv>
                </Word>
                <Word id="r1l73_w2" custom="readingOrder {index:1;}">
                    <Coords points="457,4666 457,4726 689,4726 689,4666"/>
                    <TextEquiv>
                        <Unicode>bewies,</Unicode>
                    </TextEquiv>
                </Word>
                <Word id="r1l73_w3" custom="readingOrder {index:2;}">
                    <Coords points="716,4664 716,4724 814,4724 814,4664"/>
                    <TextEquiv>
                        <Unicode>daß</Unicode>
                    </TextEquiv>
                </Word>
                <Word id="r1l73_w4" custom="readingOrder {index:3;}">
                    <Coords points="859,4662 859,4722 975,4722 975,4662"/>
                    <TextEquiv>
                        <Unicode>ihre</Unicode>
                    </TextEquiv>
                </Word>
                <Word id="r1l73_w5" custom="readingOrder {index:4;}">
                    <Coords points="1010,4660 1010,4720 1287,4720 1287,4660"/>
                    <TextEquiv>
                        <Unicode>graziöse,</Unicode>
                    </TextEquiv>
                </Word>
                <Word id="r1l73_w6" custom="readingOrder {index:5;}">
                    <Coords points="1314,4655 1314,4715 1769,4715 1769,4655"/>
                    <TextEquiv>
                        <Unicode>gleichgestimmte</Unicode>
                    </TextEquiv>
                </Word>
                <Word id="r1l73_w7" custom="readingOrder {index:6;}">
                    <Coords points="1804,4652 1804,4712 1920,4712 1920,4652"/>
                    <TextEquiv>
                        <Unicode>Art</Unicode>
                    </TextEquiv>
                </Word>
                <Word id="r1l73_w8" custom="readingOrder {index:7;}">
                    <Coords points="1947,4652 1947,4712 2045,4712 2045,4652"/>
                    <TextEquiv>
                        <Unicode>das</Unicode>
                    </TextEquiv>
                </Word>
                <Word id="r1l73_w9" custom="readingOrder {index:8;}">
                    <Coords points="2090,4652 2090,4712 2268,4712 2268,4652"/>
                    <TextEquiv>
                        <Unicode>Wesen</Unicode>
                    </TextEquiv>
                </Word>
                <Word id="r1l73_w10" custom="readingOrder {index:9;}">
                    <Coords points="2304,4652 2304,4712 2456,4712 2456,4652"/>
                    <TextEquiv>
                        <Unicode>ihres</Unicode>
                    </TextEquiv>
                </Word>
                <TextEquiv>
                    <Unicode>fand, bewies, daß ihre graziöse, gleichgestimmte Art das Wesen ihres</Unicode>
                </TextEquiv>
            </TextLine>
            <TextLine id="r1l74" custom="readingOrder {index:55;}">
                <Coords points="299,4797 2419,4805 2471,4719 298,4726"/>
                <Baseline points="312,4784 419,4782 526,4782 633,4780 741,4780 848,4778 955,4778 1063,4776 1170,4776 1277,4774 1385,4774 1492,4772 1599,4772 1706,4772 1814,4770 1921,4770 2028,4770 2136,4770 2243,4770 2350,4770 2458,4770"/>
                <Word id="r1l74_w1" custom="readingOrder {index:0;}">
                    <Coords points="296,4742 296,4802 689,4802 689,4742"/>
                    <TextEquiv>
                        <Unicode>Landsmannes</Unicode>
                    </TextEquiv>
                </Word>
                <Word id="r1l74_w2" custom="readingOrder {index:1;}">
                    <Coords points="724,4739 724,4799 820,4799 820,4739"/>
                    <TextEquiv>
                        <Unicode>den</Unicode>
                    </TextEquiv>
                </Word>
                <Word id="r1l74_w3" custom="readingOrder {index:2;}">
                    <Coords points="873,4737 873,4797 1074,4797 1074,4737"/>
                    <TextEquiv>
                        <Unicode>Hörern</Unicode>
                    </TextEquiv>
                </Word>
                <Word id="r1l74_w4" custom="readingOrder {index:3;}">
                    <Coords points="1118,4734 1118,4794 1345,4794 1345,4734"/>
                    <TextEquiv>
                        <Unicode>wirklich</Unicode>
                    </TextEquiv>
                </Word>
                <Word id="r1l74_w5" custom="readingOrder {index:4;}">
                    <Coords points="1388,4732 1388,4792 1554,4792 1554,4732"/>
                    <TextEquiv>
                        <Unicode>näher</Unicode>
                    </TextEquiv>
                </Word>
                <Word id="r1l74_w6" custom="readingOrder {index:5;}">
                    <Coords points="1581,4731 1581,4791 1843,4791 1843,4731"/>
                    <TextEquiv>
                        <Unicode>gebracht</Unicode>
                    </TextEquiv>
                </Word>
                <Word id="r1l74_w7" custom="readingOrder {index:6;}">
                    <Coords points="1869,4730 1869,4790 2052,4790 2052,4730"/>
                    <TextEquiv>
                        <Unicode>hatte,</Unicode>
                    </TextEquiv>
                </Word>
                <Word id="r1l74_w8" custom="readingOrder {index:7;}">
                    <Coords points="2079,4730 2079,4790 2306,4790 2306,4730"/>
                    <TextEquiv>
                        <Unicode>obgleich</Unicode>
                    </TextEquiv>
                </Word>
                <Word id="r1l74_w9" custom="readingOrder {index:8;}">
                    <Coords points="2349,4730 2349,4790 2454,4790 2454,4730"/>
                    <TextEquiv>
                        <Unicode>wir</Unicode>
                    </TextEquiv>
                </Word>
                <TextEquiv>
                    <Unicode>Landsmannes den Hörern wirklich näher gebracht hatte, obgleich wir</Unicode>
                </TextEquiv>
            </TextLine>
            <TextLine id="r1l75" custom="readingOrder {index:56;} place {offset:0; length:13;}">
                <Coords points="298,4880 2493,4851 2492,4788 2084,4772 298,4797"/>
                <Baseline points="312,4860 420,4860 528,4860 636,4858 745,4858 853,4856 961,4856 1070,4854 1178,4854 1286,4852 1395,4852 1503,4850 1611,4850 1719,4850 1828,4848 1936,4848 2044,4848 2153,4848 2261,4848 2369,4848 2478,4848"/>
                <Word id="r1l75_w1" custom="readingOrder {index:0;}">
                    <Coords points="296,4820 296,4880 694,4880 694,4820"/>
                    <TextEquiv>
                        <Unicode>Norddeutschen</Unicode>
                    </TextEquiv>
                </Word>
                <Word id="r1l75_w2" custom="readingOrder {index:1;}">
                    <Coords points="763,4816 763,4876 910,4876 910,4816"/>
                    <TextEquiv>
                        <Unicode>mehr</Unicode>
                    </TextEquiv>
                </Word>
                <Word id="r1l75_w3" custom="readingOrder {index:2;}">
                    <Coords points="971,4815 971,4875 1058,4875 1058,4815"/>
                    <TextEquiv>
                        <Unicode>die</Unicode>
                    </TextEquiv>
                </Word>
                <Word id="r1l75_w4" custom="readingOrder {index:3;}">
                    <Coords points="1109,4813 1109,4873 1291,4873 1291,4813"/>
                    <TextEquiv>
                        <Unicode>frische</Unicode>
                    </TextEquiv>
                </Word>
                <Word id="r1l75_w5" custom="readingOrder {index:4;}">
                    <Coords points="1360,4811 1360,4871 1525,4871 1525,4811"/>
                    <TextEquiv>
                        <Unicode>klare</Unicode>
                    </TextEquiv>
                </Word>
                <Word id="r1l75_w6" custom="readingOrder {index:5;}">
                    <Coords points="1568,4809 1568,4869 1940,4869 1940,4809"/>
                    <TextEquiv>
                        <Unicode>Morgenluft</Unicode>
                    </TextEquiv>
                </Word>
                <Word id="r1l75_w7" custom="readingOrder {index:6;}">
                    <Coords points="1975,4808 1975,4868 2148,4868 2148,4808"/>
                    <TextEquiv>
                        <Unicode>lieben</Unicode>
                    </TextEquiv>
                </Word>
                <Word id="r1l75_w8" custom="readingOrder {index:7;}">
                    <Coords points="2208,4808 2208,4868 2303,4868 2303,4808"/>
                    <TextEquiv>
                        <Unicode>als</Unicode>
                    </TextEquiv>
                </Word>
                <Word id="r1l75_w9" custom="readingOrder {index:8;}">
                    <Coords points="2364,4808 2364,4868 2459,4868 2459,4808"/>
                    <TextEquiv>
                        <Unicode>den</Unicode>
                    </TextEquiv>
                </Word>
                <TextEquiv>
                    <Unicode>Norddeutschen mehr die frische klare Morgenluft lieben als den</Unicode>
                </TextEquiv>
            </TextLine>
            <TextLine id="r1l76" custom="readingOrder {index:57;}">
                <Coords points="289,4951 2169,4985 2489,4926 2341,4836 2231,4902 289,4878"/>
                <Baseline points="302,4936 410,4938 519,4938 628,4938 736,4938 845,4938 954,4936 1062,4936 1171,4936 1280,4934 1389,4934 1497,4932 1606,4932 1715,4932 1823,4932 1932,4930 2041,4930 2149,4930 2258,4932 2367,4932 2476,4932"/>
                <Word id="r1l76_w1" custom="readingOrder {index:0;}">
                    <Coords points="287,4898 287,4958 672,4958 672,4898"/>
                    <TextEquiv>
                        <Unicode>düsteschweren</Unicode>
                    </TextEquiv>
                </Word>
                <Word id="r1l76_w2" custom="readingOrder {index:1;}">
                    <Coords points="735,4898 735,4958 914,4958 914,4898"/>
                    <TextEquiv>
                        <Unicode>Hauch</Unicode>
                    </TextEquiv>
                </Word>
                <Word id="r1l76_w3" custom="readingOrder {index:2;}">
                    <Coords points="977,4896 977,4956 1227,4956 1227,4896"/>
                    <TextEquiv>
                        <Unicode>schwüler</Unicode>
                    </TextEquiv>
                </Word>
                <Word id="r1l76_w4" custom="readingOrder {index:3;}">
                    <Coords points="1290,4892 1290,4952 1738,4952 1738,4892"/>
                    <TextEquiv>
                        <Unicode>Sommernächte</Unicode>
                    </TextEquiv>
                </Word>
                <Word id="r1l76_w5" custom="readingOrder {index:4;}">
                    <Coords points="1809,4891 1809,4951 1935,4951 1935,4891"/>
                    <TextEquiv>
                        <Unicode>voll</Unicode>
                    </TextEquiv>
                </Word>
                <Word id="r1l76_w6" custom="readingOrder {index:5;}">
                    <Coords points="1988,4890 1988,4950 2203,4950 2203,4890"/>
                    <TextEquiv>
                        <Unicode>banger</Unicode>
                    </TextEquiv>
                </Word>
                <Word id="r1l76_w7" custom="readingOrder {index:6;}">
                    <Coords points="2266,4892 2266,4952 2481,4952 2481,4892"/>
                    <TextEquiv>
                        <Unicode>Todes¬</Unicode>
                    </TextEquiv>
                </Word>
                <TextEquiv>
                    <Unicode>düsteschweren Hauch schwüler Sommernächte voll banger Todes¬</Unicode>
                </TextEquiv>
            </TextLine>
            <TextLine id="r1l77" custom="readingOrder {index:58;} paragraph-end {offset:10; length:0;} letter-end {offset:10; length:0;}">
                <Coords points="294,5047 327,5038 396,5065 461,5044 521,5052 554,5043 595,5056 594,4955 522,4950 476,4970 424,4952 383,4964 293,4954"/>
                <Baseline points="306,5018 331,5020 356,5020 381,5020 406,5020 431,5020 456,5020 481,5020 506,5018 531,5017 556,5016 582,5014"/>
                <Word id="r1l77_w1" custom="readingOrder {index:0;}">
                    <Coords points="293,4980 293,5040 584,5040 584,4980"/>
                    <TextEquiv>
                        <Unicode>sehnsucht.</Unicode>
                    </TextEquiv>
                </Word>
                <TextEquiv>
                    <Unicode>sehnsucht.</Unicode>
                </TextEquiv>
            </TextLine>
            <TextEquiv>
                <Unicode>A. P. In der Gesellschaft für Kunst und Wissenschaft
sprach am Mittwoch Abend Adele Schreiber über Arthur
Schnitzler. Die junge Oesterreicherin entrollte in knappen, sicheren
Linien ein Bild von dem geistigen Schaffen ihres Landsmannes, dem
das norddeutsche Publikum trotz einiger Bühnenerfolge ziemlich ver¬
ständnißlos gegenübersteht. Freilich, »wer den Dichter will verstehen,
muß in Dichters Lande gehen,« er muß ihn mit dem Gemüth er¬
fassen. Dazu den Weg zu zeigen, gelang der Vortragenden vortrefflich.
Selber ein Wiener Kind, hat sie in dem Milieu des »Jungen-Wien«
gelebt, und mit wenigen feinen Strichen vermochte sie die Eigenart
dieses Kreises zu skizziren: Hofmannsthal, der zartsinnige Symbolist,
Bahr, der Satiriker, Hirschfeld, der Humorist, Altenberg, der
sensitive Stimmungsmensch, und endlich Schnitzler, der potenzirte
Oesterreicher. Sie sind Realisten, aber keine von der derben
Sorte, die Heimath ihrer Seele ist Griechenland, sie sind
Schönheitssucher. Ihre Poesie ist eine Mischung aus romanisch¬
slawisch-orientalischen Einflüssen, wie sie das moderne Oesterreich
kennzeichnen: Sie haben etwas den Franzosen Verwandtes. Wie
diese sind sie Plauderer, vor allem hat Schnitzler die Grazie der
Form. Eine weiche Müdigkeit liegt über seinen Schöpfungen, von
denen jede ein Stück Selbstbiographie ist. »Einen leichtsinnigen Me¬
lancholiker“ nennt er sich einmal darin. Er liebt die matten, feinen,
subtilen Farben. Der nüchterne Verstandesmensch nennt ihn leicht
weibisch, aber er ist nur sensitiv. Allerdings, die großen, neuen
Probleme gehen ihn nichts an, seine Dichtungen haben nur einen In¬
halt: die Frau, aber nicht die ringende, kämpfende, nur die liebende.
Seine Heldinnen sind immer die kleinen, süßen Mädel der Wiener
Vorstadt oder verheirathete Weltdamen, die Trost für ihre Herzens¬
leere im Bruch der ehelichen Treue suchen.
Es ist ein Instrument mit einer Saite, das Schnitzler spielt, aber
er weiß ihm sympathische Klänge von wehmüthigem Reiz zu
entlocken. Auch wenn er das Intimste erzählt, bleibt er
immer graziös und wird nie unzüchtig. Mit seinen ersten Arbeiten
trat Schnitzler 1886 hervor. Es war das Märchen »Alcantils Lied«
dann folgte das »Märchen von den Gefallenen«, in dem der Held alle
alten Vorurtheile überwunden hat und ihnen doch beim ersten Ver¬
such in der Praxis unterliegt. Das Drama »Freiwild« behandelt
das Duellmotiv in einem meisterhaft geschilderten Milieu. Nun folgte
»Liebelei«, die Tragödie des Mädchens aus dem Volke, vielleicht des
Mädchens überhaupt. Es begründete Schnitzlers Ruf und wurde in
die verschiedensten Sprachen übersetzt. Das folgende »Vermächtniß« ist
ein schwaches Stück, »Die Gefährtin« dagegen voll Feinheit und Ele¬
ganz. In »Paracelsus« sind die Farben etwas stark aufgetragen,
großen Bühnenerfolg hatte die sozialpolitische Burleske »Der grüne
Kakadu«, die trotz der historischen Maske völlig modern wirkt.
Schnitzlers neuestes, noch nicht aufgeführtes Stück nennt sich »Beatrice«
und ist in Versen geschrieben. Ein Mittelding zwischen Buch und
Bühne ist sein »Anatol«, ein Meisterstück genialer Plauderei, während
seine »Novellen« das Problem des Sterbens, des Loslösens des
Lebenden von dem dem Tode Verfallenen, ergreifend schildern.
Leichtsinn und Melancholie, beides weiß Schnitzler zu verklären, der
vielleicht kein Unsterblicher, aber ein echter Künstler ist. Zum Schluß
las Adele Schreiber drei seiner lyrischen Gedichte und die Szene
»Weihnachtseinkäufe« aus »Anatol« vor, und der Beifall, den sie
fand, bewies, daß ihre graziöse, gleichgestimmte Art das Wesen ihres
Landsmannes den Hörern wirklich näher gebracht hatte, obgleich wir
Norddeutschen mehr die frische klare Morgenluft lieben als den
düsteschweren Hauch schwüler Sommernächte voll banger Todes¬
sehnsucht.</Unicode>
            </TextEquiv>
        </TextRegion>
    </Page>
</PcGts>
