<?xml version="1.0" encoding="UTF-8" standalone="yes"?>
<PcGts xmlns="http://schema.primaresearch.org/PAGE/gts/pagecontent/2013-07-15" xmlns:xsi="http://www.w3.org/2001/XMLSchema-instance" xsi:schemaLocation="http://schema.primaresearch.org/PAGE/gts/pagecontent/2013-07-15 http://schema.primaresearch.org/PAGE/gts/pagecontent/2013-07-15/pagecontent.xsd">
    <Metadata>
        <Creator>prov=READ-COOP:name=PyLaia@TranskribusPlatform:version=0.8.6:model_id=45551:lm=none:date=19_12_2022_15:46</Creator>
        <Created>2022-03-31T12:07:49.609+02:00</Created>
        <LastChange>2022-12-19T17:36:19.302+01:00</LastChange>
        <TranskribusMetadata docId="958781" pageId="37204002" pageNr="7" tsid="106780429" status="IN_PROGRESS" userId="64420" imgUrl="https://files.transkribus.eu/Get?id=ZRJDTQPVTHEFKPHNEIJANWMT&amp;fileType=view" xmlUrl="https://files.transkribus.eu/Get?id=GGPTTUIQGJIFXLCISRWKTVZC" imageId="30004174"/>
    </Metadata>
    <Page imageFilename="DLA_69_00007 HS.NZ85.1.3169_0006-0.jpg" imageWidth="3727" imageHeight="4593">
        <ReadingOrder>
            <OrderedGroup id="ro_1673273735161" caption="Regions reading order">
                <RegionRefIndexed index="0" regionRef="r1"/>
            </OrderedGroup>
        </ReadingOrder>
        <TextRegion orientation="0.0" id="r1" custom="readingOrder {index:0;}">
            <Coords points="302,311 302,4242 3302,4242 3302,311"/>
            <TextLine id="r1l1" custom="readingOrder {index:0;} add {offset:0; length:11;}">
                <Coords points="939,418 1007,439 1070,408 1127,449 1228,463 1302,424 1437,449 1481,407 1548,391 1547,320 1480,314 1409,341 1170,306 1084,360 1009,286 938,306"/>
                <Baseline points="957,411 985,407 1014,405 1042,402 1071,402 1100,401 1128,401 1157,401 1185,402 1214,402 1243,404 1271,404 1300,405 1328,405 1357,405 1386,405 1414,403 1443,401 1471,397 1500,393 1529,389"/>
                <Word id="r1l1_w1" custom="readingOrder {index:0;}">
                    <Coords points="941,362 941,422 1182,422 1182,362"/>
                    <TextEquiv>
                        <Unicode>und</Unicode>
                    </TextEquiv>
                </Word>
                <Word id="r1l1_w2" custom="readingOrder {index:1;}">
                    <Coords points="1231,365 1231,425 1472,425 1472,365"/>
                    <TextEquiv>
                        <Unicode>ſchrieb</Unicode>
                    </TextEquiv>
                </Word>
                <TextEquiv>
                    <Unicode>und ſchrieb</Unicode>
                </TextEquiv>
            </TextLine>
            <TextLine id="r1l2" custom="readingOrder {index:1;}">
                <Coords points="326,655 1849,559 2161,654 2622,567 3320,626 3322,473 3218,460 2768,540 2377,444 1973,512 1549,375 329,446"/>
                <Baseline points="348,530 495,540 643,549 791,555 938,560 1086,563 1234,566 1381,567 1529,567 1677,569 1825,567 1972,567 2120,567 2268,569 2415,570 2563,572 2711,575 2858,581 3006,587 3154,596 3302,606"/>
                <Word id="r1l2_w1" custom="readingOrder {index:0;}">
                    <Coords points="337,496 337,556 554,556 554,496"/>
                    <TextEquiv>
                        <Unicode>Ich</Unicode>
                    </TextEquiv>
                </Word>
                <Word id="r1l2_w2" custom="readingOrder {index:1;}">
                    <Coords points="619,520 619,580 1283,580 1283,520"/>
                    <TextEquiv>
                        <Unicode>telegraphiete</Unicode>
                    </TextEquiv>
                </Word>
                <Word id="r1l2_w3" custom="readingOrder {index:2;}">
                    <Coords points="1371,527 1371,587 1828,587 1828,527"/>
                    <TextEquiv>
                        <Unicode>(zurück</Unicode>
                    </TextEquiv>
                </Word>
                <Word id="r1l2_w4" custom="readingOrder {index:3;}">
                    <Coords points="1958,527 1958,587 2133,587 2133,527"/>
                    <TextEquiv>
                        <Unicode>das</Unicode>
                    </TextEquiv>
                </Word>
                <Word id="r1l2_w5" custom="readingOrder {index:4;}">
                    <Coords points="2220,529 2220,589 2514,589 2514,529"/>
                    <TextEquiv>
                        <Unicode>ginge</Unicode>
                    </TextEquiv>
                </Word>
                <Word id="r1l2_w6" custom="readingOrder {index:5;}">
                    <Coords points="2633,535 2633,595 2830,595 2830,535"/>
                    <TextEquiv>
                        <Unicode>aus</Unicode>
                    </TextEquiv>
                </Word>
                <Word id="r1l2_w7" custom="readingOrder {index:6;}">
                    <Coords points="2938,551 2938,611 3233,611 3233,551"/>
                    <TextEquiv>
                        <Unicode>dieſen</Unicode>
                    </TextEquiv>
                </Word>
                <TextEquiv>
                    <Unicode>Ich telegraphirte zurück, das ginge aus dieſen</Unicode>
                </TextEquiv>
            </TextLine>
            <TextLine id="r1l3" custom="readingOrder {index:2;}">
                <Coords points="308,729 1016,836 2120,720 3303,829 3272,634 309,669"/>
                <Baseline points="326,714 474,719 622,722 770,723 918,725 1066,725 1214,725 1362,725 1510,725 1658,725 1806,725 1954,725 2102,726 2250,728 2398,731 2546,734 2694,740 2842,747 2990,755 3138,765 3287,777"/>
                <Word id="r1l3_w1" custom="readingOrder {index:0;}">
                    <Coords points="315,677 315,737 559,737 559,677"/>
                    <TextEquiv>
                        <Unicode>und</Unicode>
                    </TextEquiv>
                </Word>
                <Word id="r1l3_w2" custom="readingOrder {index:1;}">
                    <Coords points="631,683 631,743 993,743 993,683"/>
                    <TextEquiv>
                        <Unicode>jerem</Unicode>
                    </TextEquiv>
                </Word>
                <Word id="r1l3_w3" custom="readingOrder {index:2;}">
                    <Coords points="1083,685 1083,745 1472,745 1472,685"/>
                    <TextEquiv>
                        <Unicode>Grunde</Unicode>
                    </TextEquiv>
                </Word>
                <Word id="r1l3_w4" custom="readingOrder {index:3;}">
                    <Coords points="1535,685 1535,745 1796,745 1796,685"/>
                    <TextEquiv>
                        <Unicode>nicht,</Unicode>
                    </TextEquiv>
                </Word>
                <Word id="r1l3_w5" custom="readingOrder {index:4;}">
                    <Coords points="1878,685 1878,745 2041,745 2041,685"/>
                    <TextEquiv>
                        <Unicode>bot</Unicode>
                    </TextEquiv>
                </Word>
                <Word id="r1l3_w6" custom="readingOrder {index:5;}">
                    <Coords points="2149,688 2149,748 2393,748 2393,688"/>
                    <TextEquiv>
                        <Unicode>mich</Unicode>
                    </TextEquiv>
                </Word>
                <Word id="r1l3_w7" custom="readingOrder {index:6;}">
                    <Coords points="2475,695 2475,755 2701,755 2701,695"/>
                    <TextEquiv>
                        <Unicode>aber</Unicode>
                    </TextEquiv>
                </Word>
                <Word id="r1l3_w8" custom="readingOrder {index:7;}">
                    <Coords points="2818,719 2818,779 3296,779 3296,719"/>
                    <TextEquiv>
                        <Unicode>zugleich,</Unicode>
                    </TextEquiv>
                </Word>
                <TextEquiv>
                    <Unicode>und jenem Grunde nicht, bot mich aber zugleich</Unicode>
                </TextEquiv>
            </TextLine>
            <TextLine id="r1l4" custom="readingOrder {index:3;} latintype {offset:15; length:7;} person {offset:15; length:6;} place {offset:26; length:6;}">
                <Coords points="283,924 720,1009 1221,892 1426,1005 1718,883 3085,961 3212,951 3213,779 2730,862 1352,758 283,831"/>
                <Baseline points="302,896 446,900 591,903 735,903 880,905 1025,903 1169,902 1314,900 1458,899 1603,896 1748,894 1892,893 2037,893 2181,893 2326,894 2471,897 2615,902 2760,908 2904,917 3049,928 3194,941"/>
                <Word id="r1l4_w1" custom="readingOrder {index:0;}">
                    <Coords points="290,858 290,918 496,918 496,858"/>
                    <TextEquiv>
                        <Unicode>als</Unicode>
                    </TextEquiv>
                </Word>
                <Word id="r1l4_w2" custom="readingOrder {index:1;}">
                    <Coords points="568,864 568,924 1141,924 1141,864"/>
                    <TextEquiv>
                        <Unicode>Nachfolger</Unicode>
                    </TextEquiv>
                </Word>
                <Word id="r1l4_w3" custom="readingOrder {index:2;}">
                    <Coords points="1250,859 1250,919 1581,919 1581,859"/>
                    <TextEquiv>
                        <Unicode>Schaff</Unicode>
                    </TextEquiv>
                </Word>
                <Word id="r1l4_w4" custom="readingOrder {index:3;}">
                    <Coords points="1779,853 1779,913 1895,913 1895,853"/>
                    <TextEquiv>
                        <Unicode>in</Unicode>
                    </TextEquiv>
                </Word>
                <Word id="r1l4_w5" custom="readingOrder {index:4;}">
                    <Coords points="1984,853 1984,913 2353,913 2353,853"/>
                    <TextEquiv>
                        <Unicode>Berlin</Unicode>
                    </TextEquiv>
                </Word>
                <Word id="r1l4_w6" custom="readingOrder {index:5;}">
                    <Coords points="2442,859 2442,919 2666,919 2666,859"/>
                    <TextEquiv>
                        <Unicode>an.</Unicode>
                    </TextEquiv>
                </Word>
                <Word id="r1l4_w7" custom="readingOrder {index:6;}">
                    <Coords points="2783,872 2783,932 2890,932 2890,872"/>
                    <TextEquiv>
                        <Unicode>In</Unicode>
                    </TextEquiv>
                </Word>
                <Word id="r1l4_w8" custom="readingOrder {index:7;}">
                    <Coords points="2971,887 2971,947 3123,947 3123,887"/>
                    <TextEquiv>
                        <Unicode>der</Unicode>
                    </TextEquiv>
                </Word>
                <TextEquiv>
                    <Unicode>als Nachfolger Schiffs in Berlin an. In der</Unicode>
                </TextEquiv>
            </TextLine>
            <TextLine id="r1l5" custom="readingOrder {index:4;} place {offset:30; length:6;}">
                <Coords points="305,1189 1413,1053 1869,1055 2004,1155 2123,1067 3244,1077 3082,960 2163,1011 1725,922 1554,1014 303,1039"/>
                <Baseline points="324,1110 469,1101 614,1091 759,1083 904,1076 1049,1070 1194,1065 1339,1061 1484,1057 1629,1055 1774,1052 1919,1052 2064,1052 2209,1052 2354,1053 2499,1055 2644,1058 2789,1061 2934,1065 3079,1070 3224,1076"/>
                <Word id="r1l5_w1" custom="readingOrder {index:0;}">
                    <Coords points="309,1063 309,1123 559,1123 559,1063"/>
                    <TextEquiv>
                        <Unicode>Iht</Unicode>
                    </TextEquiv>
                </Word>
                <Word id="r1l5_w2" custom="readingOrder {index:1;}">
                    <Coords points="640,1042 640,1102 916,1102 916,1042"/>
                    <TextEquiv>
                        <Unicode>wäre</Unicode>
                    </TextEquiv>
                </Word>
                <Word id="r1l5_w3" custom="readingOrder {index:2;}">
                    <Coords points="1055,1026 1055,1086 1265,1086 1265,1026"/>
                    <TextEquiv>
                        <Unicode>mir</Unicode>
                    </TextEquiv>
                </Word>
                <Word id="r1l5_w4" custom="readingOrder {index:3;}">
                    <Coords points="1404,1017 1404,1077 1550,1077 1550,1017"/>
                    <TextEquiv>
                        <Unicode>die</Unicode>
                    </TextEquiv>
                </Word>
                <Word id="r1l5_w5" custom="readingOrder {index:4;}">
                    <Coords points="1630,1012 1630,1072 2084,1072 2084,1012"/>
                    <TextEquiv>
                        <Unicode>Stellung</Unicode>
                    </TextEquiv>
                </Word>
                <Word id="r1l5_w6" custom="readingOrder {index:5;}">
                    <Coords points="2207,1012 2207,1072 2304,1072 2304,1012"/>
                    <TextEquiv>
                        <Unicode>in</Unicode>
                    </TextEquiv>
                </Word>
                <Word id="r1l5_w7" custom="readingOrder {index:6;}">
                    <Coords points="2409,1016 2409,1076 2758,1076 2758,1016"/>
                    <TextEquiv>
                        <Unicode>Berlin</Unicode>
                    </TextEquiv>
                </Word>
                <Word id="r1l5_w8" custom="readingOrder {index:7;}">
                    <Coords points="2847,1027 2847,1087 3163,1087 3163,1027"/>
                    <TextEquiv>
                        <Unicode>lieber</Unicode>
                    </TextEquiv>
                </Word>
                <TextEquiv>
                    <Unicode>That wäre mir die Stellung in Berlin lieber</Unicode>
                </TextEquiv>
            </TextLine>
            <TextLine id="r1l6" custom="readingOrder {index:5;} textStyle {offset:9; length:7;strikethrough:true;} place {offset:28; length:4;}">
                <Coords points="350,1332 1753,1194 2515,1196 2712,1317 3264,1259 3262,1155 2816,1072 348,1201"/>
                <Baseline points="368,1254 511,1251 655,1247 799,1241 943,1236 1087,1230 1231,1224 1375,1218 1519,1213 1663,1208 1807,1203 1950,1199 2094,1197 2238,1196 2382,1194 2526,1196 2670,1199 2814,1205 2958,1211 3102,1220 3246,1232"/>
                <Word id="r1l6_w1" custom="readingOrder {index:0;}">
                    <Coords points="356,1206 356,1266 962,1266 962,1206"/>
                    <TextEquiv>
                        <Unicode>geweſen,</Unicode>
                    </TextEquiv>
                </Word>
                <Word id="r1l6_w2" custom="readingOrder {index:1;}">
                    <Coords points="1000,1190 1000,1250 1133,1250 1133,1190"/>
                    <TextEquiv>
                        <Unicode>als</Unicode>
                    </TextEquiv>
                </Word>
                <Word id="r1l6_w3" custom="readingOrder {index:2;}">
                    <Coords points="1218,1181 1218,1241 1379,1241 1379,1181"/>
                    <TextEquiv>
                        <Unicode>Dir</Unicode>
                    </TextEquiv>
                </Word>
                <Word id="r1l6_w4" custom="readingOrder {index:3;}">
                    <Coords points="1520,1170 1520,1230 1682,1230 1682,1170"/>
                    <TextEquiv>
                        <Unicode>als</Unicode>
                    </TextEquiv>
                </Word>
                <Word id="r1l6_w5" custom="readingOrder {index:4;}">
                    <Coords points="1748,1162 1748,1222 1909,1222 1909,1162"/>
                    <TextEquiv>
                        <Unicode>die</Unicode>
                    </TextEquiv>
                </Word>
                <Word id="r1l6_w6" custom="readingOrder {index:5;}">
                    <Coords points="1994,1157 1994,1217 2118,1217 2118,1157"/>
                    <TextEquiv>
                        <Unicode>in</Unicode>
                    </TextEquiv>
                </Word>
                <Word id="r1l6_w7" custom="readingOrder {index:6;}">
                    <Coords points="2221,1154 2221,1214 2620,1214 2620,1154"/>
                    <TextEquiv>
                        <Unicode>Wien.</Unicode>
                    </TextEquiv>
                </Word>
                <Word id="r1l6_w8" custom="readingOrder {index:7;}">
                    <Coords points="2695,1162 2695,1222 2828,1222 2828,1162"/>
                    <TextEquiv>
                        <Unicode>Ich</Unicode>
                    </TextEquiv>
                </Word>
                <Word id="r1l6_w9" custom="readingOrder {index:8;}">
                    <Coords points="2913,1176 2913,1236 3178,1236 3178,1176"/>
                    <TextEquiv>
                        <Unicode>hätte</Unicode>
                    </TextEquiv>
                </Word>
                <TextEquiv>
                    <Unicode>geweſen, als die als die in Wien. Ich hätte</Unicode>
                </TextEquiv>
            </TextLine>
            <TextLine id="r1l7" custom="readingOrder {index:6;} place {offset:4; length:6;}">
                <Coords points="348,1425 2443,1352 2767,1473 2963,1384 2961,1283 1398,1248 1187,1342 346,1343"/>
                <Baseline points="366,1416 495,1412 624,1405 753,1399 882,1394 1011,1388 1140,1383 1269,1379 1398,1374 1527,1370 1656,1365 1785,1364 1914,1361 2043,1359 2172,1359 2301,1359 2430,1361 2559,1364 2688,1368 2817,1373 2946,1379"/>
                <Word id="r1l7_w1" custom="readingOrder {index:0;}">
                    <Coords points="354,1372 354,1432 602,1432 602,1372"/>
                    <TextEquiv>
                        <Unicode>von</Unicode>
                    </TextEquiv>
                </Word>
                <Word id="r1l7_w2" custom="readingOrder {index:1;}">
                    <Coords points="675,1355 675,1415 996,1415 996,1355"/>
                    <TextEquiv>
                        <Unicode>Berlin</Unicode>
                    </TextEquiv>
                </Word>
                <Word id="r1l7_w3" custom="readingOrder {index:2;}">
                    <Coords points="1051,1342 1051,1402 1245,1402 1245,1342"/>
                    <TextEquiv>
                        <Unicode>aus</Unicode>
                    </TextEquiv>
                </Word>
                <Word id="r1l7_w4" custom="readingOrder {index:3;}">
                    <Coords points="1327,1332 1327,1392 1548,1392 1548,1332"/>
                    <TextEquiv>
                        <Unicode>über</Unicode>
                    </TextEquiv>
                </Word>
                <Word id="r1l7_w5" custom="readingOrder {index:4;}">
                    <Coords points="1659,1322 1659,1382 2044,1382 2044,1322"/>
                    <TextEquiv>
                        <Unicode>Theater</Unicode>
                    </TextEquiv>
                </Word>
                <Word id="r1l7_w6" custom="readingOrder {index:5;}">
                    <Coords points="2154,1319 2154,1379 2365,1379 2365,1319"/>
                    <TextEquiv>
                        <Unicode>und</Unicode>
                    </TextEquiv>
                </Word>
                <Word id="r1l7_w7" custom="readingOrder {index:6;}">
                    <Coords points="2485,1328 2485,1388 2907,1388 2907,1328"/>
                    <TextEquiv>
                        <Unicode>Kunſt</Unicode>
                    </TextEquiv>
                </Word>
                <TextEquiv>
                    <Unicode>von Berlin aus über Theater und Kunſt</Unicode>
                </TextEquiv>
            </TextLine>
            <TextLine id="r1l8" custom="readingOrder {index:7;} place {offset:30; length:4;}">
                <Coords points="344,1629 1347,1523 1769,1510 1940,1633 2139,1494 3149,1526 2024,1377 1630,1480 1157,1401 1010,1505 341,1502"/>
                <Baseline points="363,1580 501,1576 639,1570 778,1564 916,1558 1055,1551 1193,1544 1332,1537 1470,1530 1609,1525 1747,1520 1885,1515 2024,1511 2162,1509 2301,1508 2439,1508 2578,1511 2716,1514 2855,1520 2993,1529 3132,1539"/>
                <Word id="r1l8_w1" custom="readingOrder {index:0;}">
                    <Coords points="348,1528 348,1588 984,1588 984,1528"/>
                    <TextEquiv>
                        <Unicode>geſchrieben</Unicode>
                    </TextEquiv>
                </Word>
                <Word id="r1l8_w2" custom="readingOrder {index:1;}">
                    <Coords points="1100,1503 1100,1563 1305,1563 1305,1503"/>
                    <TextEquiv>
                        <Unicode>und</Unicode>
                    </TextEquiv>
                </Word>
                <Word id="r1l8_w3" custom="readingOrder {index:2;}">
                    <Coords points="1403,1486 1403,1546 1726,1546 1726,1486"/>
                    <TextEquiv>
                        <Unicode>wäre</Unicode>
                    </TextEquiv>
                </Word>
                <Word id="r1l8_w4" custom="readingOrder {index:3;}">
                    <Coords points="1851,1472 1851,1532 2076,1532 2076,1472"/>
                    <TextEquiv>
                        <Unicode>auch</Unicode>
                    </TextEquiv>
                </Word>
                <Word id="r1l8_w5" custom="readingOrder {index:4;}">
                    <Coords points="2165,1468 2165,1528 2317,1528 2317,1468"/>
                    <TextEquiv>
                        <Unicode>der</Unicode>
                    </TextEquiv>
                </Word>
                <Word id="r1l8_w6" custom="readingOrder {index:5;}">
                    <Coords points="2504,1476 2504,1536 3059,1536 3059,1476"/>
                    <TextEquiv>
                        <Unicode>Wiener</Unicode>
                    </TextEquiv>
                </Word>
                <TextEquiv>
                    <Unicode>geſchrieben und wäre auch der Wiener</Unicode>
                </TextEquiv>
            </TextLine>
            <TextLine id="r1l9" custom="readingOrder {index:8;} place {offset:26; length:6;}">
                <Coords points="315,1761 1228,1692 1644,1809 2143,1646 2753,1771 3111,1654 2958,1558 2616,1615 2292,1517 1959,1634 1733,1567 312,1672"/>
                <Baseline points="333,1748 471,1741 609,1734 747,1727 885,1721 1023,1714 1161,1707 1299,1701 1437,1694 1575,1688 1713,1683 1851,1677 1989,1673 2127,1668 2265,1665 2403,1662 2541,1661 2679,1659 2817,1659 2955,1659 3093,1662"/>
                <Word id="r1l9_w1" custom="readingOrder {index:0;}">
                    <Coords points="320,1670 320,1730 1872,1730 1872,1670"/>
                    <TextEquiv>
                        <Unicode>Redaktions-Wirthſchaft</Unicode>
                    </TextEquiv>
                </Word>
                <Word id="r1l9_w2" custom="readingOrder {index:1;}">
                    <Coords points="1968,1631 1968,1691 2072,1691 2072,1631"/>
                    <TextEquiv>
                        <Unicode>in</Unicode>
                    </TextEquiv>
                </Word>
                <Word id="r1l9_w3" custom="readingOrder {index:2;}">
                    <Coords points="2167,1622 2167,1682 2577,1682 2577,1622"/>
                    <TextEquiv>
                        <Unicode>Berlin</Unicode>
                    </TextEquiv>
                </Word>
                <Word id="r1l9_w4" custom="readingOrder {index:3;}">
                    <Coords points="2700,1619 2700,1679 2939,1679 2939,1619"/>
                    <TextEquiv>
                        <Unicode>ſehr</Unicode>
                    </TextEquiv>
                </Word>
                <TextEquiv>
                    <Unicode>Redaktions-Wirthſchaft in Berlin ſehr</Unicode>
                </TextEquiv>
            </TextLine>
            <TextLine id="r1l10" custom="readingOrder {index:9;} textStyle {offset:0; length:8;strikethrough:true;} unclear {offset:5; length:1;}">
                <Coords points="301,1898 2897,1846 3100,1971 3305,1919 3303,1747 300,1838"/>
                <Baseline points="318,1889 466,1886 614,1883 763,1878 911,1875 1060,1871 1208,1866 1357,1860 1505,1857 1654,1853 1802,1848 1950,1845 2099,1842 2247,1841 2396,1841 2544,1842 2693,1844 2841,1848 2990,1854 3138,1862 3287,1871"/>
                <Word id="r1l10_w1" custom="readingOrder {index:0;}">
                    <Coords points="307,1843 307,1903 854,1903 854,1843"/>
                    <TextEquiv>
                        <Unicode>entäckt</Unicode>
                    </TextEquiv>
                </Word>
                <Word id="r1l10_w2" custom="readingOrder {index:1;}">
                    <Coords points="1016,1823 1016,1883 1537,1883 1537,1823"/>
                    <TextEquiv>
                        <Unicode>entrückt</Unicode>
                    </TextEquiv>
                </Word>
                <Word id="r1l10_w3" custom="readingOrder {index:2;}">
                    <Coords points="1609,1805 1609,1865 2201,1865 2201,1805"/>
                    <TextEquiv>
                        <Unicode>geweſen.</Unicode>
                    </TextEquiv>
                </Word>
                <Word id="r1l10_w4" custom="readingOrder {index:3;}">
                    <Coords points="2317,1802 2317,1862 2776,1862 2776,1802"/>
                    <TextEquiv>
                        <Unicode>Meiner</Unicode>
                    </TextEquiv>
                </Word>
                <Word id="r1l10_w5" custom="readingOrder {index:4;}">
                    <Coords points="2847,1816 2847,1876 3233,1876 3233,1816"/>
                    <TextEquiv>
                        <Unicode>Anſeht</Unicode>
                    </TextEquiv>
                </Word>
                <TextEquiv>
                    <Unicode>entrückt entrückt geweſen. Meiner Anſicht</Unicode>
                </TextEquiv>
            </TextLine>
            <TextLine id="r1l11" custom="readingOrder {index:10;} organization {offset:15; length:10;}">
                <Coords points="291,2083 486,2164 832,2034 1508,2003 1733,2099 2696,2003 3168,2078 3167,1981 1728,1890 1598,1973 816,1900 290,1997"/>
                <Baseline points="309,2045 451,2038 593,2033 735,2028 877,2024 1019,2020 1161,2017 1303,2015 1445,2013 1587,2012 1729,2012 1871,2012 2013,2012 2155,2012 2297,2012 2439,2013 2581,2015 2723,2015 2865,2016 3007,2018 3150,2019"/>
                <Word id="r1l11_w1" custom="readingOrder {index:0;}">
                    <Coords points="298,1998 298,2058 600,2058 600,1998"/>
                    <TextEquiv>
                        <Unicode>nach</Unicode>
                    </TextEquiv>
                </Word>
                <Word id="r1l11_w2" custom="readingOrder {index:1;}">
                    <Coords points="691,1985 691,2045 930,2045 930,1985"/>
                    <TextEquiv>
                        <Unicode>hätte</Unicode>
                    </TextEquiv>
                </Word>
                <Word id="r1l11_w3" custom="readingOrder {index:2;}">
                    <Coords points="1004,1978 1004,2038 1150,2038 1150,1978"/>
                    <TextEquiv>
                        <Unicode>die</Unicode>
                    </TextEquiv>
                </Word>
                <Word id="r1l11_w4" custom="readingOrder {index:3;}">
                    <Coords points="1241,1974 1241,2034 1416,2034 1416,1974"/>
                    <TextEquiv>
                        <Unicode>N.</Unicode>
                    </TextEquiv>
                </Word>
                <Word id="r1l11_w5" custom="readingOrder {index:4;}">
                    <Coords points="1508,1972 1508,2032 1729,2032 1729,1972"/>
                    <TextEquiv>
                        <Unicode>Fr.</Unicode>
                    </TextEquiv>
                </Word>
                <Word id="r1l11_w6" custom="readingOrder {index:5;}">
                    <Coords points="1765,1972 1765,2032 1994,2032 1994,1972"/>
                    <TextEquiv>
                        <Unicode>ſr,</Unicode>
                    </TextEquiv>
                </Word>
                <Word id="r1l11_w7" custom="readingOrder {index:6;}">
                    <Coords points="2095,1972 2095,2032 2215,2032 2215,1972"/>
                    <TextEquiv>
                        <Unicode>in</Unicode>
                    </TextEquiv>
                </Word>
                <Word id="r1l11_w8" custom="readingOrder {index:7;}">
                    <Coords points="2342,1973 2342,2033 2572,2033 2572,1973"/>
                    <TextEquiv>
                        <Unicode>nur</Unicode>
                    </TextEquiv>
                </Word>
                <Word id="r1l11_w9" custom="readingOrder {index:8;}">
                    <Coords points="2710,1976 2710,2036 3039,2036 3039,1976"/>
                    <TextEquiv>
                        <Unicode>einen</Unicode>
                    </TextEquiv>
                </Word>
                <TextEquiv>
                    <Unicode>nach hätte die N. Fr. Pr. in mir einen</Unicode>
                </TextEquiv>
            </TextLine>
            <TextLine id="r1l12" custom="readingOrder {index:11;}">
                <Coords points="310,2298 878,2307 1165,2195 1812,2270 3048,2192 2886,2060 2666,2141 1626,2063 1485,2139 1339,2058 309,2152"/>
                <Baseline points="327,2211 462,2207 597,2202 732,2199 867,2196 1002,2195 1137,2193 1273,2192 1408,2190 1543,2190 1678,2190 1813,2189 1948,2189 2083,2188 2219,2187 2354,2185 2489,2183 2624,2181 2759,2177 2894,2172 3030,2166"/>
                <Word id="r1l12_w1" custom="readingOrder {index:0;}">
                    <Coords points="318,2166 318,2226 631,2226 631,2166"/>
                    <TextEquiv>
                        <Unicode>recht</Unicode>
                    </TextEquiv>
                </Word>
                <Word id="r1l12_w2" custom="readingOrder {index:1;}">
                    <Coords points="690,2154 690,2214 1374,2214 1374,2154"/>
                    <TextEquiv>
                        <Unicode>geeigneten</Unicode>
                    </TextEquiv>
                </Word>
                <Word id="r1l12_w3" custom="readingOrder {index:2;}">
                    <Coords points="1501,2148 1501,2208 2500,2208 2500,2148"/>
                    <TextEquiv>
                        <Unicode>Correſpondenten</Unicode>
                    </TextEquiv>
                </Word>
                <Word id="r1l12_w4" custom="readingOrder {index:3;}">
                    <Coords points="2646,2136 2646,2196 2881,2196 2881,2136"/>
                    <TextEquiv>
                        <Unicode>für</Unicode>
                    </TextEquiv>
                </Word>
                <TextEquiv>
                    <Unicode>recht geeigneten Correſpondenten für</Unicode>
                </TextEquiv>
            </TextLine>
            <TextLine id="r1l13" custom="readingOrder {index:12;} place {offset:0; length:6;}">
                <Coords points="325,2412 1266,2376 1562,2460 2055,2364 2306,2463 2563,2372 2967,2418 3029,2253 324,2285"/>
                <Baseline points="344,2373 477,2375 610,2377 744,2378 877,2379 1011,2379 1144,2379 1277,2378 1411,2376 1544,2375 1678,2374 1811,2372 1944,2371 2078,2369 2211,2369 2345,2367 2478,2366 2611,2364 2745,2364 2878,2364 3012,2366"/>
                <Word id="r1l13_w1" custom="readingOrder {index:0;}">
                    <Coords points="328,2336 328,2396 774,2396 774,2336"/>
                    <TextEquiv>
                        <Unicode>Berlin</Unicode>
                    </TextEquiv>
                </Word>
                <Word id="r1l13_w2" custom="readingOrder {index:1;}">
                    <Coords points="835,2339 835,2399 1266,2399 1266,2339"/>
                    <TextEquiv>
                        <Unicode>gehabt.</Unicode>
                    </TextEquiv>
                </Word>
                <Word id="r1l13_w3" custom="readingOrder {index:2;}">
                    <Coords points="1356,2335 1356,2395 1572,2395 1572,2335"/>
                    <TextEquiv>
                        <Unicode>Seit</Unicode>
                    </TextEquiv>
                </Word>
                <Word id="r1l13_w4" custom="readingOrder {index:3;}">
                    <Coords points="1661,2331 1661,2391 2033,2391 2033,2331"/>
                    <TextEquiv>
                        <Unicode>jenem</Unicode>
                    </TextEquiv>
                </Word>
                <Word id="r1l13_w5" custom="readingOrder {index:4;}">
                    <Coords points="2153,2325 2153,2385 2898,2385 2898,2325"/>
                    <TextEquiv>
                        <Unicode>Augenblick</Unicode>
                    </TextEquiv>
                </Word>
                <TextEquiv>
                    <Unicode>Berlin gehabt. Seit jenem Augenblick</Unicode>
                </TextEquiv>
            </TextLine>
            <TextLine id="r1l14" custom="readingOrder {index:13;} date {offset:10; length:6;} textStyle {offset:27; length:2;strikethrough:true;}">
                <Coords points="320,2571 754,2649 1493,2553 1777,2672 2043,2560 2267,2665 2476,2545 3141,2538 3141,2452 2256,2501 1946,2411 1172,2500 851,2377 713,2492 320,2492"/>
                <Baseline points="338,2532 477,2536 616,2540 755,2543 895,2546 1034,2547 1173,2549 1312,2550 1452,2552 1591,2552 1730,2553 1869,2552 2009,2552 2148,2552 2287,2550 2426,2548 2566,2546 2705,2543 2844,2541 2983,2537 3123,2534"/>
                <Word id="r1l14_w1" custom="readingOrder {index:0;}">
                    <Coords points="332,2496 332,2556 680,2556 680,2496"/>
                    <TextEquiv>
                        <Unicode>nun</Unicode>
                    </TextEquiv>
                </Word>
                <Word id="r1l14_w2" custom="readingOrder {index:1;}">
                    <Coords points="769,2506 769,2566 1163,2566 1163,2506"/>
                    <TextEquiv>
                        <Unicode>(Ende</Unicode>
                    </TextEquiv>
                </Word>
                <Word id="r1l14_w3" custom="readingOrder {index:2;}">
                    <Coords points="1297,2512 1297,2572 1926,2572 1926,2512"/>
                    <TextEquiv>
                        <Unicode>Januar)</Unicode>
                    </TextEquiv>
                </Word>
                <Word id="r1l14_w4" custom="readingOrder {index:3;}">
                    <Coords points="2016,2512 2016,2572 2240,2572 2240,2512"/>
                    <TextEquiv>
                        <Unicode>habe</Unicode>
                    </TextEquiv>
                </Word>
                <Word id="r1l14_w5" custom="readingOrder {index:4;}">
                    <Coords points="2319,2508 2319,2568 2409,2568 2409,2508"/>
                    <TextEquiv>
                        <Unicode>ich</Unicode>
                    </TextEquiv>
                </Word>
                <Word id="r1l14_w6" custom="readingOrder {index:5;}">
                    <Coords points="2498,2506 2498,2566 2634,2566 2634,2506"/>
                    <TextEquiv>
                        <Unicode>vo</Unicode>
                    </TextEquiv>
                </Word>
                <Word id="r1l14_w7" custom="readingOrder {index:6;}">
                    <Coords points="2801,2498 2801,2558 3037,2558 3037,2498"/>
                    <TextEquiv>
                        <Unicode>von</Unicode>
                    </TextEquiv>
                </Word>
                <TextEquiv>
                    <Unicode>nun (Ende Januar) habe ich vo von</Unicode>
                </TextEquiv>
            </TextLine>
            <TextLine id="r1l15" custom="readingOrder {index:14;} organization {offset:4; length:10;}">
                <Coords points="308,2737 1019,2856 1396,2741 3200,2768 3200,2637 2953,2608 308,2662"/>
                <Baseline points="326,2714 468,2726 611,2735 754,2741 896,2745 1039,2747 1182,2745 1324,2744 1467,2741 1610,2738 1753,2734 1895,2730 2038,2726 2181,2723 2323,2720 2466,2718 2609,2718 2751,2720 2894,2724 3052,2736 3195,2745"/>
                <Word id="r1l15_w1" custom="readingOrder {index:0;}">
                    <Coords points="314,2683 314,2743 563,2743 563,2683"/>
                    <TextEquiv>
                        <Unicode>der</Unicode>
                    </TextEquiv>
                </Word>
                <Word id="r1l15_w2" custom="readingOrder {index:1;}">
                    <Coords points="695,2702 695,2762 886,2762 886,2702"/>
                    <TextEquiv>
                        <Unicode>N.</Unicode>
                    </TextEquiv>
                </Word>
                <Word id="r1l15_w3" custom="readingOrder {index:2;}">
                    <Coords points="936,2706 936,2766 1118,2766 1118,2706"/>
                    <TextEquiv>
                        <Unicode>Fr.</Unicode>
                    </TextEquiv>
                </Word>
                <Word id="r1l15_w4" custom="readingOrder {index:3;}">
                    <Coords points="1177,2704 1177,2764 1368,2764 1368,2704"/>
                    <TextEquiv>
                        <Unicode>ſo;</Unicode>
                    </TextEquiv>
                </Word>
                <Word id="r1l15_w5" custom="readingOrder {index:4;}">
                    <Coords points="1500,2697 1500,2757 1748,2757 1748,2697"/>
                    <TextEquiv>
                        <Unicode>kein</Unicode>
                    </TextEquiv>
                </Word>
                <Word id="r1l15_w6" custom="readingOrder {index:5;}">
                    <Coords points="1840,2687 1840,2747 2155,2747 2155,2687"/>
                    <TextEquiv>
                        <Unicode>Wort</Unicode>
                    </TextEquiv>
                </Word>
                <Word id="r1l15_w7" custom="readingOrder {index:6;}">
                    <Coords points="2296,2678 2296,2738 2570,2738 2570,2678"/>
                    <TextEquiv>
                        <Unicode>mehr</Unicode>
                    </TextEquiv>
                </Word>
                <Word id="r1l15_w8" custom="readingOrder {index:7;}">
                    <Coords points="2728,2686 2728,2746 3159,2746 3159,2686"/>
                    <TextEquiv>
                        <Unicode>gehört,</Unicode>
                    </TextEquiv>
                </Word>
                <TextEquiv>
                    <Unicode>der N. Fr. Pr. kein Wort mehr gehört.</Unicode>
                </TextEquiv>
            </TextLine>
            <TextLine id="r1l16" custom="readingOrder {index:15;} add {offset:0; length:13;}">
                <Coords points="2501,2819 2748,2813 2806,2857 2863,2825 2896,2856 2938,2828 3258,2859 3261,2788 3167,2792 3098,2748 2941,2757 2812,2700 2634,2772 2503,2774"/>
                <Baseline points="2519,2814 2555,2814 2591,2814 2627,2816 2663,2816 2699,2817 2735,2819 2771,2820 2807,2822 2843,2823 2879,2825 2915,2825 2951,2828 2987,2828 3023,2831 3059,2832 3095,2834 3131,2835 3167,2837 3203,2838 3239,2840"/>
                <Word id="r1l16_w1" custom="readingOrder {index:0;}">
                    <Coords points="2503,2776 2503,2836 2829,2836 2829,2776"/>
                    <TextEquiv>
                        <Unicode>undIch</Unicode>
                    </TextEquiv>
                </Word>
                <Word id="r1l16_w2" custom="readingOrder {index:1;}">
                    <Coords points="2861,2790 2861,2850 3162,2850 3162,2790"/>
                    <TextEquiv>
                        <Unicode>bekam</Unicode>
                    </TextEquiv>
                </Word>
                <TextEquiv>
                    <Unicode>und ich bekam</Unicode>
                </TextEquiv>
            </TextLine>
            <TextLine id="r1l17" custom="readingOrder {index:16;} textStyle {offset:32; length:3;strikethrough:true;} gap {offset:32; length:0;} gap {offset:34; length:0;}">
                <Coords points="292,2911 1259,2916 1456,3015 2466,2916 2622,3034 3078,3010 3009,2833 293,2832"/>
                <Baseline points="309,2897 446,2906 584,2913 721,2917 859,2919 996,2921 1134,2921 1271,2921 1409,2919 1546,2918 1684,2916 1821,2916 1959,2915 2096,2916 2234,2918 2371,2921 2509,2925 2646,2933 2784,2943 3014,2957 3152,2972"/>
                <Word id="r1l17_w1" custom="readingOrder {index:0;}">
                    <Coords points="299,2867 299,2927 643,2927 643,2867"/>
                    <TextEquiv>
                        <Unicode>Mehr</Unicode>
                    </TextEquiv>
                </Word>
                <Word id="r1l17_w2" custom="readingOrder {index:1;}">
                    <Coords points="696,2877 696,2937 829,2937 829,2877"/>
                    <TextEquiv>
                        <Unicode>als</Unicode>
                    </TextEquiv>
                </Word>
                <Word id="r1l17_w3" custom="readingOrder {index:2;}">
                    <Coords points="908,2881 908,2941 1147,2941 1147,2881"/>
                    <TextEquiv>
                        <Unicode>vier</Unicode>
                    </TextEquiv>
                </Word>
                <Word id="r1l17_w4" custom="readingOrder {index:3;}">
                    <Coords points="1288,2878 1288,2938 1720,2938 1720,2878"/>
                    <TextEquiv>
                        <Unicode>Wochen</Unicode>
                    </TextEquiv>
                </Word>
                <Word id="r1l17_w5" custom="readingOrder {index:4;}">
                    <Coords points="1826,2877 1826,2937 2524,2937 2524,2877"/>
                    <TextEquiv>
                        <Unicode>vergingen,</Unicode>
                    </TextEquiv>
                </Word>
                <Word id="r1l17_w6" custom="readingOrder {index:5;}">
                    <Coords points="2568,2892 2568,2952 2701,2952 2701,2892"/>
                    <TextEquiv>
                        <Unicode>ehr</Unicode>
                    </TextEquiv>
                </Word>
                <TextEquiv>
                    <Unicode>Mehr als vier Wochen vergingen, XhX</Unicode>
                </TextEquiv>
            </TextLine>
            <TextLine id="r1l18" custom="readingOrder {index:17;} textStyle {offset:0; length:3;strikethrough:true;}">
                <Coords points="376,3132 558,3199 799,3081 1378,3093 1678,3234 1920,3119 3029,3161 3087,3046 379,2971"/>
                <Baseline points="323,3081 456,3078 662,3077 795,3078 929,3080 1063,3083 1196,3086 1330,3090 1464,3095 1597,3099 1731,3104 1865,3108 1998,3113 2132,3116 2266,3120 2399,3122 2533,3123 2667,3122 2800,3120 2934,3116 3068,3111"/>
                <Word id="r1l18_w1" custom="readingOrder {index:0;}">
                    <Coords points="383,3040 383,3100 460,3100 460,3040"/>
                    <TextEquiv>
                        <Unicode>g</Unicode>
                    </TextEquiv>
                </Word>
                <Word id="r1l18_w2" custom="readingOrder {index:1;}">
                    <Coords points="606,3037 606,3097 805,3097 805,3037"/>
                    <TextEquiv>
                        <Unicode>nicht</Unicode>
                    </TextEquiv>
                </Word>
                <Word id="r1l18_w3" custom="readingOrder {index:2;}">
                    <Coords points="899,3041 899,3101 1106,3101 1106,3041"/>
                    <TextEquiv>
                        <Unicode>mir</Unicode>
                    </TextEquiv>
                </Word>
                <Word id="r1l18_w4" custom="readingOrder {index:3;}">
                    <Coords points="1235,3053 1235,3113 1631,3113 1631,3053"/>
                    <TextEquiv>
                        <Unicode>keinen</Unicode>
                    </TextEquiv>
                </Word>
                <Word id="r1l18_w5" custom="readingOrder {index:4;}">
                    <Coords points="1700,3069 1700,3129 2132,3129 2132,3069"/>
                    <TextEquiv>
                        <Unicode>Beſcherd</Unicode>
                    </TextEquiv>
                </Word>
                <Word id="r1l18_w6" custom="readingOrder {index:5;}">
                    <Coords points="2243,3081 2243,3141 2475,3141 2475,3081"/>
                    <TextEquiv>
                        <Unicode>über</Unicode>
                    </TextEquiv>
                </Word>
                <Word id="r1l18_w7" custom="readingOrder {index:6;}">
                    <Coords points="2691,3078 2691,3138 3010,3138 3010,3078"/>
                    <TextEquiv>
                        <Unicode>muin</Unicode>
                    </TextEquiv>
                </Word>
                <TextEquiv>
                    <Unicode>ich nicht nur keinen Beſcheid über mein</Unicode>
                </TextEquiv>
            </TextLine>
            <TextLine id="r1l19" custom="readingOrder {index:18;} textStyle {offset:25; length:12;strikethrough:true;} place {offset:25; length:4;} unclear {offset:36; length:1;} place {offset:38; length:6;}">
                <Coords points="291,3269 1349,3401 1856,3274 3316,3350 3318,3235 2610,3159 1670,3243 293,3179"/>
                <Baseline points="309,3251 458,3256 607,3261 757,3264 906,3269 1056,3272 1205,3276 1354,3279 1504,3282 1653,3285 1803,3288 1952,3291 2101,3294 2251,3297 2400,3300 2550,3303 2699,3306 2848,3309 2998,3314 3190,3330 3340,3333"/>
                <Word id="r1l19_w1" custom="readingOrder {index:0;}">
                    <Coords points="298,3221 298,3281 973,3281 973,3221"/>
                    <TextEquiv>
                        <Unicode>Anerbieten</Unicode>
                    </TextEquiv>
                </Word>
                <Word id="r1l19_w2" custom="readingOrder {index:1;}">
                    <Coords points="1051,3237 1051,3297 1538,3297 1538,3237"/>
                    <TextEquiv>
                        <Unicode>bezüglich</Unicode>
                    </TextEquiv>
                </Word>
                <Word id="r1l19_w3" custom="readingOrder {index:2;}">
                    <Coords points="1675,3246 1675,3306 1795,3306 1795,3246"/>
                    <TextEquiv>
                        <Unicode>des</Unicode>
                    </TextEquiv>
                </Word>
                <Word id="r1l19_w4" custom="readingOrder {index:3;}">
                    <Coords points="1924,3257 1924,3317 2626,3317 2626,3257"/>
                    <TextEquiv>
                        <Unicode>Wonmff</Unicode>
                    </TextEquiv>
                </Word>
                <Word id="r1l19_w5" custom="readingOrder {index:4;}">
                    <Coords points="2839,3275 2839,3335 3301,3335 3301,3275"/>
                    <TextEquiv>
                        <Unicode>Berliner</Unicode>
                    </TextEquiv>
                </Word>
                <TextEquiv>
                    <Unicode>Anerbieten bezüglich des Wiener Poſte Berliner</Unicode>
                </TextEquiv>
            </TextLine>
            <TextLine id="r1l20" custom="readingOrder {index:19;}">
                <Coords points="353,3574 623,3471 850,3569 1217,3485 1523,3588 1717,3473 1851,3579 2080,3464 2842,3540 3100,3507 3101,3343 2274,3436 489,3317 354,3406"/>
                <Baseline points="371,3458 506,3461 642,3462 777,3463 913,3464 1049,3465 1184,3465 1320,3467 1455,3467 1591,3468 1727,3468 1862,3470 1998,3470 2133,3470 2269,3471 2405,3471 2540,3473 2676,3473 2811,3474 2947,3476 3083,3477"/>
                <Word id="r1l20_w1" custom="readingOrder {index:0;}">
                    <Coords points="361,3421 361,3481 874,3481 874,3421"/>
                    <TextEquiv>
                        <Unicode>Poſtens,</Unicode>
                    </TextEquiv>
                </Word>
                <Word id="r1l20_w2" custom="readingOrder {index:1;}">
                    <Coords points="942,3425 942,3485 1379,3485 1379,3425"/>
                    <TextEquiv>
                        <Unicode>ſondern</Unicode>
                    </TextEquiv>
                </Word>
                <Word id="r1l20_w3" custom="readingOrder {index:2;}">
                    <Coords points="1436,3427 1436,3487 1664,3487 1664,3427"/>
                    <TextEquiv>
                        <Unicode>auch</Unicode>
                    </TextEquiv>
                </Word>
                <Word id="r1l20_w4" custom="readingOrder {index:3;}">
                    <Coords points="1779,3430 1779,3490 2035,3490 2035,3430"/>
                    <TextEquiv>
                        <Unicode>nicht</Unicode>
                    </TextEquiv>
                </Word>
                <Word id="r1l20_w5" custom="readingOrder {index:4;}">
                    <Coords points="2140,3431 2140,3491 2596,3491 2596,3431"/>
                    <TextEquiv>
                        <Unicode>einmal</Unicode>
                    </TextEquiv>
                </Word>
                <Word id="r1l20_w6" custom="readingOrder {index:5;}">
                    <Coords points="2739,3434 2739,3494 2958,3494 2958,3434"/>
                    <TextEquiv>
                        <Unicode>den</Unicode>
                    </TextEquiv>
                </Word>
                <TextEquiv>
                    <Unicode>Poſtens, ſondern auch nicht einmal den</Unicode>
                </TextEquiv>
            </TextLine>
            <TextLine id="r1l21" custom="readingOrder {index:20;}">
                <Coords points="359,3703 1004,3803 1203,3681 2328,3670 2543,3803 2724,3700 2824,3776 3295,3706 3296,3609 360,3572"/>
                <Baseline points="377,3668 521,3666 666,3664 811,3662 956,3660 1101,3659 1246,3659 1391,3657 1536,3657 1681,3657 1826,3657 1970,3657 2115,3660 2260,3662 2405,3666 2550,3669 2695,3674 2840,3681 2985,3689 3130,3696 3275,3707"/>
                <Word id="r1l21_w1" custom="readingOrder {index:0;}">
                    <Coords points="370,3621 370,3681 1366,3681 1366,3621"/>
                    <TextEquiv>
                        <Unicode>Vertragsbrief,</Unicode>
                    </TextEquiv>
                </Word>
                <Word id="r1l21_w2" custom="readingOrder {index:1;}">
                    <Coords points="1388,3617 1388,3677 1553,3677 1553,3617"/>
                    <TextEquiv>
                        <Unicode>den</Unicode>
                    </TextEquiv>
                </Word>
                <Word id="r1l21_w3" custom="readingOrder {index:2;}">
                    <Coords points="1607,3617 1607,3677 1739,3677 1739,3617"/>
                    <TextEquiv>
                        <Unicode>die</Unicode>
                    </TextEquiv>
                </Word>
                <Word id="r1l21_w4" custom="readingOrder {index:3;}">
                    <Coords points="1805,3617 1805,3677 2089,3677 2089,3617"/>
                    <TextEquiv>
                        <Unicode>Leute</Unicode>
                    </TextEquiv>
                </Word>
                <Word id="r1l21_w5" custom="readingOrder {index:4;}">
                    <Coords points="2199,3623 2199,3683 2418,3683 2418,3623"/>
                    <TextEquiv>
                        <Unicode>mir</Unicode>
                    </TextEquiv>
                </Word>
                <Word id="r1l21_w6" custom="readingOrder {index:5;}">
                    <Coords points="2527,3632 2527,3692 2790,3692 2790,3632"/>
                    <TextEquiv>
                        <Unicode>ſofort</Unicode>
                    </TextEquiv>
                </Word>
                <Word id="r1l21_w7" custom="readingOrder {index:6;}">
                    <Coords points="2900,3654 2900,3714 3293,3714 3293,3654"/>
                    <TextEquiv>
                        <Unicode>hätten,</Unicode>
                    </TextEquiv>
                </Word>
                <TextEquiv>
                    <Unicode>Vertragsbrief, den die Leute mir ſofort hätten</Unicode>
                </TextEquiv>
            </TextLine>
            <TextLine id="r1l22" custom="readingOrder {index:21;}">
                <Coords points="331,3952 899,3862 1071,3970 1414,3854 1568,3966 1713,3846 2423,3819 3320,3911 3286,3776 2584,3699 331,3792"/>
                <Baseline points="348,3852 495,3857 643,3860 790,3861 938,3861 1086,3860 1233,3858 1381,3855 1528,3851 1676,3848 1824,3845 1971,3842 2119,3840 2266,3839 2414,3839 2562,3841 2709,3845 2857,3851 3004,3859 3152,3870 3300,3884"/>
                <Word id="r1l22_w1" custom="readingOrder {index:0;}">
                    <Coords points="339,3818 339,3878 817,3878 817,3818"/>
                    <TextEquiv>
                        <Unicode>ſchicken</Unicode>
                    </TextEquiv>
                </Word>
                <Word id="r1l22_w2" custom="readingOrder {index:1;}">
                    <Coords points="946,3818 946,3878 1442,3878 1442,3818"/>
                    <TextEquiv>
                        <Unicode>wüſſen.</Unicode>
                    </TextEquiv>
                </Word>
                <Word id="r1l22_w3" custom="readingOrder {index:2;}">
                    <Coords points="1544,3809 1544,3869 1682,3869 1682,3809"/>
                    <TextEquiv>
                        <Unicode>Ich</Unicode>
                    </TextEquiv>
                </Word>
                <Word id="r1l22_w4" custom="readingOrder {index:3;}">
                    <Coords points="1755,3801 1755,3861 2271,3861 2271,3801"/>
                    <TextEquiv>
                        <Unicode>wartete</Unicode>
                    </TextEquiv>
                </Word>
                <Word id="r1l22_w5" custom="readingOrder {index:4;}">
                    <Coords points="2408,3800 2408,3860 2639,3860 2639,3800"/>
                    <TextEquiv>
                        <Unicode>und</Unicode>
                    </TextEquiv>
                </Word>
                <Word id="r1l22_w6" custom="readingOrder {index:5;}">
                    <Coords points="2759,3818 2759,3878 3237,3878 3237,3818"/>
                    <TextEquiv>
                        <Unicode>wartete</Unicode>
                    </TextEquiv>
                </Word>
                <TextEquiv>
                    <Unicode>ſchicken müſſen. Ich wartete und wartete</Unicode>
                </TextEquiv>
            </TextLine>
            <TextLine id="r1l23" custom="readingOrder {index:22;}">
                <Coords points="425,4041 919,4112 1504,4014 2029,4122 2259,3988 2760,4025 2937,4139 3170,3934 1861,3889 835,3982 722,3909 424,3992"/>
                <Baseline points="345,4045 480,4045 713,4037 849,4035 984,4034 1120,4031 1255,4028 1391,4023 1526,4020 1662,4016 1797,4013 1932,4010 2068,4006 2203,4004 2339,4002 2474,4002 2610,4002 2745,4004 2881,4007 3016,4011 3152,4019"/>
                <Word id="r1l23_w1" custom="readingOrder {index:0;}">
                    <Coords points="432,3997 432,4057 669,4057 669,3997"/>
                    <TextEquiv>
                        <Unicode>dies</Unicode>
                    </TextEquiv>
                </Word>
                <Word id="r1l23_w2" custom="readingOrder {index:1;}">
                    <Coords points="744,3995 744,4055 878,4055 878,3995"/>
                    <TextEquiv>
                        <Unicode>der</Unicode>
                    </TextEquiv>
                </Word>
                <Word id="r1l23_w3" custom="readingOrder {index:2;}">
                    <Coords points="953,3989 953,4049 1380,4049 1380,3989"/>
                    <TextEquiv>
                        <Unicode>Grund,</Unicode>
                    </TextEquiv>
                </Word>
                <Word id="r1l23_w4" custom="readingOrder {index:3;}">
                    <Coords points="1493,3974 1493,4034 1966,4034 1966,3974"/>
                    <TextEquiv>
                        <Unicode>weshalb</Unicode>
                    </TextEquiv>
                </Word>
                <Word id="r1l23_w5" custom="readingOrder {index:4;}">
                    <Coords points="2109,3964 2109,4024 2194,4024 2194,3964"/>
                    <TextEquiv>
                        <Unicode>ich</Unicode>
                    </TextEquiv>
                </Word>
                <Word id="r1l23_w6" custom="readingOrder {index:5;}">
                    <Coords points="2279,3962 2279,4022 2451,4022 2451,3962"/>
                    <TextEquiv>
                        <Unicode>Dir</Unicode>
                    </TextEquiv>
                </Word>
                <Word id="r1l23_w7" custom="readingOrder {index:6;}">
                    <Coords points="2602,3962 2602,4022 2668,4022 2668,3962"/>
                    <TextEquiv>
                        <Unicode>ſo</Unicode>
                    </TextEquiv>
                </Word>
                <Word id="r1l23_w8" custom="readingOrder {index:7;}">
                    <Coords points="2753,3968 2753,4028 3085,4028 3085,3968"/>
                    <TextEquiv>
                        <Unicode>lange</Unicode>
                    </TextEquiv>
                </Word>
                <TextEquiv>
                    <Unicode>(dies der Grund, weshalb ich Dir ſo lange</Unicode>
                </TextEquiv>
            </TextLine>
            <TextLine id="r1l24" custom="readingOrder {index:23;}">
                <Coords points="354,4277 1023,4231 1135,4316 1733,4199 2308,4306 2801,4167 3276,4203 3190,4072 354,4105"/>
                <Baseline points="374,4167 518,4176 662,4183 806,4189 950,4193 1094,4197 1238,4200 1383,4202 1527,4203 1671,4203 1815,4202 1959,4202 2103,4199 2247,4197 2392,4194 2536,4190 2680,4187 2824,4182 2968,4178 3112,4173 3257,4167"/>
                <Word id="r1l24_w1" custom="readingOrder {index:0;}">
                    <Coords points="363,4136 363,4196 676,4196 676,4136"/>
                    <TextEquiv>
                        <Unicode>nicht</Unicode>
                    </TextEquiv>
                </Word>
                <Word id="r1l24_w2" custom="readingOrder {index:1;}">
                    <Coords points="744,4157 744,4217 1461,4217 1461,4157"/>
                    <TextEquiv>
                        <Unicode>geſchrieben),</Unicode>
                    </TextEquiv>
                </Word>
                <Word id="r1l24_w3" custom="readingOrder {index:2;}">
                    <Coords points="1519,4163 1519,4223 1745,4223 1745,4163"/>
                    <TextEquiv>
                        <Unicode>hielt</Unicode>
                    </TextEquiv>
                </Word>
                <Word id="r1l24_w4" custom="readingOrder {index:3;}">
                    <Coords points="1824,4162 1824,4222 1892,4222 1892,4162"/>
                    <TextEquiv>
                        <Unicode>es</Unicode>
                    </TextEquiv>
                </Word>
                <Word id="r1l24_w5" custom="readingOrder {index:4;}">
                    <Coords points="1980,4157 1980,4217 2462,4217 2462,4157"/>
                    <TextEquiv>
                        <Unicode>natürlich</Unicode>
                    </TextEquiv>
                </Word>
                <Word id="r1l24_w6" custom="readingOrder {index:5;}">
                    <Coords points="2559,4147 2559,4207 2735,4207 2735,4147"/>
                    <TextEquiv>
                        <Unicode>für</Unicode>
                    </TextEquiv>
                </Word>
                <Word id="r1l24_w7" custom="readingOrder {index:6;}">
                    <Coords points="2863,4136 2863,4196 3167,4196 3167,4136"/>
                    <TextEquiv>
                        <Unicode>unter</Unicode>
                    </TextEquiv>
                </Word>
                <TextEquiv>
                    <Unicode>nicht geſchrieben), hielt es natürlich für unter</Unicode>
                </TextEquiv>
            </TextLine>
            <TextEquiv>
                <Unicode>und ſchrieb
Ich telegraphirte zurück, das ginge aus dieſen
und jenem Grunde nicht, bot mich aber zugleich
als Nachfolger Schiffs in Berlin an. In der
That wäre mir die Stellung in Berlin lieber
geweſen, als die als die in Wien. Ich hätte
von Berlin aus über Theater und Kunſt
geſchrieben und wäre auch der Wiener
Redaktions-Wirthſchaft in Berlin ſehr
entrückt entrückt geweſen. Meiner Anſicht
nach hätte die N. Fr. Pr. in mir einen
recht geeigneten Correſpondenten für
Berlin gehabt. Seit jenem Augenblick
nun (Ende Januar) habe ich vo von
der N. Fr. Pr. kein Wort mehr gehört.
und ich bekam
Mehr als vier Wochen vergingen, XhX
ich nicht nur keinen Beſcheid über mein
Anerbieten bezüglich des Wiener Poſte Berliner
Poſtens, ſondern auch nicht einmal den
Vertragsbrief, den die Leute mir ſofort hätten
ſchicken müſſen. Ich wartete und wartete
(dies der Grund, weshalb ich Dir ſo lange
nicht geſchrieben), hielt es natürlich für unter</Unicode>
            </TextEquiv>
        </TextRegion>
    </Page>
</PcGts>
