1139 1430
50 197 149 257 daß
191 206 240 266 Du
278 212 352 272 und
369 218 460 278 Olge
477 225 626 285 (wie
651 231 705 291 ich
734 233 813 293 aus
854 239 987 299 Olgas

67 299 211 359 Brief
239 311 425 371 erſehrn)
437 313 495 373 in
536 312 800 372 eichenau
878 314 919 374 ſo

61 392 216 452 ſchöne
254 391 378 451 Tage
406 389 600 449 verlebt
639 384 780 444 habt.

154 480 269 540 Die
290 484 571 544 Aufführung
596 482 779 542 Deiner
805 492 1039 552 Einattter

68 571 200 631 aem
229 565 290 625 7.
308 567 520 627 Jänner
596 560 751 620 ſolltſt
776 565 826 625 Du
876 564 930 624 zu

51 651 339 711 verfindern
365 647 545 707 ſuchen.
563 643 608 703 So
627 645 814 705 wenige
844 643 971 703 Tage

54 725 199 785 nach
221 728 399 788 Neujahr
417 727 476 787 iſt
515 725 621 785 eine
687 724 788 784 recht
807 723 1054 783 ungünſtige

73 808 456 868 Theaterzeit.
476 805 563 865 Hat
587 808 791 868 Boaham
815 822 1028 882 ſolange

65 891 411 951 gewartet,
430 888 471 948 ſo
516 884 659 944 kann
681 882 739 942 er
777 884 910 944 auch

69 957 196 1017 noch
220 966 343 1026 eine
391 964 558 1024 Woche
602 954 836 1014 länger

65 1049 335 1109 warten.
378 1048 437 1108 Ich
462 1040 597 1100 ſelſt
630 1036 820 1096 werde
856 1038 984 1098 an

63 1126 158 1186 h.
178 1137 394 1197 Jämer
424 1125 596 1185 kaum
646 1114 697 1174 in
741 1122 943 1182 Berlin,

109 1228 277 1288 ſein,
292 1225 336 1285 da
371 1221 441 1281 ich,
475 1218 579 1278 wie
604 1209 900 1269 alljährlich,
