1209 1433
59 149 251 209 wenig
282 158 536 218 begriffen,
549 154 634 214 daß
691 154 741 214 es
772 159 959 219 beinahe

55 223 191 283 eine
214 234 350 294 Gefahr
389 236 455 296 für
490 234 638 294 Deine
657 230 832 290 Stücke
867 239 925 299 iſt

72 303 268 363 wenn
297 305 359 365 ſie
373 302 439 362 die
464 306 791 366 gauptrolle
846 313 995 373 ſpielt

43 374 130 434 die
153 384 214 444 ſie
260 382 488 442 natürlich
518 387 701 447 herrlich
758 393 956 453 ſpielen

59 456 272 516 wird.
282 457 331 517 Ich
356 462 445 522 habe
460 462 549 522 mit
569 466 712 526 dieſer
761 496 1058 556 ſyſteriſchen

54 536 161 596 Ju
182 540 294 600 din,
328 541 409 601 die
435 540 538 600 mir
602 558 984 618 unerträglich

72 612 346 672 geworden
371 610 449 670 iſt,
461 613 539 673 alle
613 644 1003 704 Beziehungen

75 696 437 756 abgetrochen.

126 769 243 829 daß
281 774 374 834 olje
403 774 543 834 krank
595 774 779 834 war,
806 788 915 848 habe
938 793 994 853 ich

48 838 149 898 mit
188 850 433 910 Bedaueu
453 850 890 910 vernommen.
926 876 1059 936 Was

54 910 150 970 ihr
189 922 333 982 gefehlt
353 924 435 984 hat,
454 924 541 984 habe
560 929 627 989 ich,
647 932 758 992 trotz
786 953 1027 1013 langjahen

57 998 283 1058 Kumtniß
347 1006 520 1066 Deiner
552 1023 864 1083 Handſchrift,
886 1048 1009 1108 nicht

61 1080 336 1140 entziffern
377 1085 582 1145 kömmne
647 1113 969 1173 Innerhin

76 1166 241 1226 freue
254 1166 298 1226 ich
319 1167 449 1227 mich,
462 1170 545 1230 daß
589 1179 658 1239 ſie
740 1192 966 1252 wieder

79 1252 280 1312 geſund
304 1256 373 1316 iſt,
388 1260 471 1320 und
500 1257 603 1317 bitte
633 1264 760 1324 Dich,
770 1270 844 1330 ſie
878 1284 1059 1344 ſammt
