3699 4543
294 513 846 573 eberfalls
1007 527 1799 587 enttelmäßige
1960 545 2708 605 Leſtungen,
2770 561 2922 621 die
3019 572 3171 632 ſich

322 738 926 798 vuelleicht
1045 749 1211 809 auf
1311 751 1879 811 derſelben
2073 755 2759 815 Niveau,
2806 776 3071 836 eher

289 949 701 1009 togar
783 952 923 1012 ein
1085 953 1459 1013 weriig
1570 956 1883 1016 tiefer
2055 964 2499 1024 halten.
2600 977 2701 1037 Es
2782 990 3014 1050 geht

295 1132 617 1192 ober
682 1159 1108 1219 abſolot
1279 1171 1506 1231 nht
1563 1175 1790 1235 au,
1904 1177 1988 1237 in
2150 1182 2756 1242 derſelben
2878 1204 3219 1264 Kritik

354 1379 963 1439 lAlbot
1120 1391 1397 1451 ganz
1517 1391 1601 1451 zu
1748 1392 2598 1452 verwerfen,
2626 1419 3207 1479 Fraukencte

294 1581 973 1641 hirgegen
1121 1609 1304 1669 ihm
1433 1614 2030 1674 gegenober
2158 1615 2251 1675 zu
2425 1626 2902 1686 loben,
2940 1649 3178 1709 rag

329 1782 594 1842 das
693 1800 810 1860 Lob
1007 1810 1184 1870 noch
1273 1812 1351 1872 ſo
1509 1811 2325 1871 eiogeſchränkt
2453 1830 2778 1890 ſein,
2817 1874 3279 1934 Houurd

295 1974 557 2034 lich
637 1997 752 2057 in
843 2017 1152 2077 dieſer
1278 2050 2421 2110 Huſauuuuesoſtillung
2535 2061 2810 2121 liegt
2912 2062 3083 2122 die

316 2237 1056 2297 Fälſchung
1148 2257 1290 2317 des
1523 2266 1991 2326 Urtguies
2173 2276 2426 2336 Uud
2509 2285 2833 2345 wenn
2924 2301 3158 2361 dieſe

297 2435 680 2495 Koitik
879 2452 1077 2512 aoch
1170 2459 1395 2519 dazu
1567 2465 1752 2525 von
1924 2475 2228 2535 eeu
2427 2502 3122 2562 Mitärbeiter

257 2660 939 2720 angeſeudt
1120 2683 1530 2743 wird,
1561 2689 1731 2749 der
1882 2694 2152 2754 ſecee
2273 2710 3216 2770 Berichterſtatlung

278 2884 708 2944 bisher
897 2896 1128 2956 ſtets
1222 2896 1317 2956 un
1486 2897 1769 2957 einer
1946 2899 2135 2959 das
2262 2921 3018 2981 Gewiſſenlofe

305 3113 1027 3173 grerzenden
1239 3122 1610 3182 Weiſe
1823 3122 2499 3182 vermohlaſ
2459 3149 2717 3209 ſſigt
2839 3154 3002 3214 hat

318 3317 686 3377 weue
852 3338 1299 3398 derſelbe
1416 3357 2252 3417 Berichterſtatter,
2300 3368 2456 3428 der
2572 3372 2709 3432 die
2805 3380 3233 3440 Aufüh¬

293 3528 786 3588 rungen
1000 3557 1152 3617 der
1310 3566 1612 3626 Duse
1731 3568 1898 3628 oot
2018 3571 2217 3631 ver
2392 3577 2558 3637 Zeil
2772 3600 3122 3660 Zeilen

363 3738 743 3798 abthut
916 3755 1079 3815 dem
1261 3766 2740 3826 Frauteusteuu-Couzert,
2831 3797 3049 3857 Xyp

307 3966 702 4026 deſſen
852 3994 2013 4054 Badrutungfloſigkeit
2172 4004 2259 4064 in
2338 4009 2506 4069 der
2638 4024 3095 4084 Wiener

1832 4167 2258 4227 gerug
2330 4168 2444 4228 niſt
466 4172 1288 4232 Conzerthluth
1415 4177 1631 4237 klar
2665 4179 3085 4239 auiar
