1146 1437
655 156 926 216 Gtssauenetenese
948 159 983 219 19.

53 158 527 300 Berlin, 14. Februar.
239 347 384 407 Mein
424 358 566 418 lieber
647 364 800 424 ſteind

92 488 174 548 (in
223 485 309 545 Dr.
350 489 499 549 Meyer,
511 491 574 551 der
627 491 709 551 mit
735 491 791 551 den
855 498 1019 558 Geumert

85 563 271 623 bekannt
289 564 349 624 iſt,
363 565 419 625 hat
455 567 550 627 diei
571 570 606 630 zu
656 569 747 629 Ptof.
761 569 927 629 Renvers

80 635 317 695 begleitet.
374 641 419 701 Ich
437 642 499 702 bat
543 642 682 702 Guuti,
690 640 753 700 nich
779 639 846 699 mit
882 636 1024 696 dieſem

70 702 187 762 Dr.
201 709 304 769 Meyer
318 713 356 773 in
387 718 639 778 Verbindung
659 719 694 779 zu
739 722 891 782 ſetzen.
908 724 977 784 Die

63 777 240 837 Fogen
275 789 375 849 war
437 791 703 851 beiliegender
753 804 884 864 Brief,
896 809 965 869 aus
992 814 1069 874 dem

75 852 137 912 ich
155 853 234 913 auch
252 861 328 921 nicht
358 865 429 925 ſehr
465 871 571 931 klug
611 879 780 939 werde.
797 889 965 949 Vielleicht
979 897 1059 957 ſagt

72 935 135 995 er
167 935 232 995 Dir
271 944 372 1004 mehr
411 951 473 1011 als
518 955 610 1015 mir

348 1051 491 1111 Viele
514 1058 654 1118 Grüße

586 1144 664 1204 2.

456 1284 641 1344 vil.
665 1298 836 1358 Goldm
