3790 5535
493 543 711 603 Ich
788 563 1097 623 finde
1211 580 1417 640 den
1520 589 1777 649 Weg
1906 596 2188 656 ſchon
2264 598 2508 658 ohne
2650 596 2881 656 Dich
3035 592 3266 652 uud

513 808 939 868 koiiu
1133 821 1481 881 dirckt
1637 824 1733 884 zu
1917 822 2102 882 von
2267 820 2441 880 der
2626 814 2906 874 Bahn
3014 812 3110 872 zu

428 1034 841 1094 Dir.
894 1040 1000 1100 Es
1066 1043 1186 1103 iſt
1280 1045 1532 1105 mir
1706 1048 2186 1108 ohnehn
2305 1046 2572 1106 ſchon
2691 1042 3237 1102 außerſt

484 1290 1156 1350 Zielich,
1200 1297 1288 1357 ſo
1346 1292 1595 1352 früh
1655 1281 1831 1341 bei
1990 1265 2226 1325 Euch
2342 1259 3060 1319 eintreffen

448 1527 638 1587 zu
802 1540 1347 1600 müſſen;
1490 1531 1761 1591 aber
1904 1521 2033 1581 es
2117 1515 2270 1575 iſt
2412 1510 2602 1570 der
2732 1510 3205 1570 einzig

465 1769 1090 1829 wögliche
1253 1758 1682 1818 Zerg.
1796 1714 2635 1774 Puuzecher
2849 1738 3210 1798 bitte

485 2004 703 2064 ich
819 2018 1154 2078 Dich,
1218 2015 1462 2075 mich
1565 2003 1861 2063 ſchon
1963 1988 2156 2048 im
2323 1968 2825 2028 Vorars
2966 1962 3172 2022 bei

1318 2212 1647 2272 eu
1846 2220 2373 2280 Motter
2559 2224 2663 2284 zu
2796 2231 3442 2291 entſchul¬
459 2252 1195 2312 Diur?

436 2466 904 2526 Digen.

796 2648 1054 2708 Ich
1138 2658 1384 2718 muß
1526 2663 1620 2723 ſo
1702 2668 2114 2728 larige
2256 2677 2940 2737 hierbleiben
3092 2706 3399 2766 weil

449 2877 683 2937 ich
783 2900 1387 2960 Depeſchen
1498 2898 1734 2958 das
1823 2885 2538 2945 Frankhurt
2672 2879 3376 2939 erwarte.

434 3125 818 3185 Dort
890 3135 1214 3195 gehen
1346 3136 1994 3196 hirrchteiliche
2127 3132 2535 3192 Diege
2642 3135 2966 3195 vor.
3038 3145 3386 3205 Ein

452 3337 726 3397 der
839 3358 1491 3418 nfauiſten
1663 3366 1908 3426 uud
2091 3368 3068 3428 gerceinſten

424 3599 1498 3659 Klatſchweiber
1679 3610 1840 3670 der
1950 3614 2302 3674 Stadt
2513 3618 2673 3678 hat
2804 3621 3015 3681 dei

454 3848 1070 3908 Geniahl
1158 3856 1432 3916 Alles
1598 3854 2547 3914 hinterbracht,
2606 3856 2850 3916 uud
2958 3866 3251 3926 Allos

421 4112 962 4172 Gfeivt
1092 4097 1181 4157 zu
1358 4090 1635 4150 fnde
1826 4088 1928 4148 zu
2075 4090 2527 4150 gehen.
2587 4099 2747 4159 Ich
2807 4113 3142 4173 lauhe

485 4354 921 4414 hier
1025 4345 1295 4405 hern
1607 4323 1857 4383 wir
1972 4310 2158 4370 ein
2335 4307 3292 4367 Verzweifelter

442 4571 733 4631 uud
894 4578 1172 4638 weiß
1399 4561 1758 4621 nicht,
1837 4546 2155 4606 was
2223 4539 2329 4599 ich
2422 4544 3087 4604 aufargen
3180 4592 3458 4652 ſoll.

991 4827 1446 4887 Viele
1566 4822 1937 4882 treue
2129 4818 2668 4878 Grüße!

1485 5058 1874 5118 Deui,

1935 5134 2320 5194 Puel
2455 5148 3007 5208 Goldmas
