1209 1433
147 128 252 188 der
282 130 509 190 Schweſter
535 129 587 189 zu
631 124 879 184 grüßen.

235 222 411 282 Was
438 226 596 286 meine
646 222 958 282 Feuillitons
998 229 1103 289 über

137 296 362 356 Ichart
424 298 717 358 Hauptmann
779 296 1023 356 anlangt,

150 376 245 436 ſo
297 370 515 430 ſtimmen
535 369 627 429 mir
671 366 750 426 noch
777 370 954 430 andere
985 382 1114 442 Lrute

150 448 282 508 zu,
295 446 366 506 als
422 449 548 509 Herr
590 442 910 502 Ebemaun.
936 441 1023 501 Im

136 518 339 578 Übrigen
368 521 508 581 wäre
538 522 576 582 es
606 518 703 578 mir
732 520 817 580 ſehr
842 524 1109 584 gleirkziltig

135 584 254 644 auch
280 589 420 649 wenn
441 592 696 652 Niemand
722 590 820 650 mir
867 611 1080 671 zuſtimmt

120 660 225 720 da
254 662 304 722 ich
332 666 488 726 weiß,
499 668 567 728 daß
606 666 650 726 ecs
684 667 818 727 Recht
846 678 974 738 habe.
981 706 1092 766 Was

139 740 231 800 Du
260 736 358 796 aber
369 739 451 799 den
474 740 630 800 »Ton«
653 743 884 803 ſchreibſ,
913 772 1080 832 verſtehe

134 808 250 868 ich
265 816 396 876 nicht.
420 822 522 882 Das
551 824 687 884 heißt,
696 822 745 882 ich
764 834 973 894 begreife
992 861 1094 921 nicht

143 895 284 955 wie
328 902 512 962 Einer,
524 904 600 964 der
668 905 813 965 ſelbſt
841 920 1037 980 ſchreibt

135 969 306 1029 dieſen
337 970 574 1030 Einwand
609 978 784 1038 erhaben
818 988 1036 1048 kann.

141 1049 346 1109 Mein
374 1048 455 1108 Ton
493 1048 575 1108 bin
628 1046 834 1106 nämlich
877 1058 932 1118 ich
959 1085 1094 1145 ſelbſt

132 1124 441 1184 Ausdieſtem
483 1132 649 1192 Grunde
675 1136 817 1196 wird
846 1146 892 1206 es
921 1157 1030 1217 nicht

149 1204 296 1264 lricht
339 1210 463 1270 ſein,
474 1211 528 1271 ihn
563 1212 606 1272 zu
633 1216 861 1276 ändern,

265 1308 334 1368 Es
364 1308 456 1368 thut
497 1300 581 1360 mir
618 1298 846 1358 unendlich
868 1300 990 1360 leid,
1001 1302 1063 1362 daß
