1212 1444
45 219 208 279 Diceher
224 227 280 287 des
296 234 424 294 »Tag«
434 240 521 300 ſieht
542 245 618 305 auch
639 252 798 312 danach
813 252 916 312 aus.
936 264 1075 324 Krnker

79 295 326 355 gleichſalls.

186 384 291 444 Von
317 388 387 448 Olga
426 393 483 453 G.
518 402 662 462 erhielt
697 402 745 462 ich
758 405 889 465 einen
915 415 1064 475 beinehe

82 462 485 522 ſchwermüthigen
530 480 656 540 Brief.
710 482 978 542 Angenehme

70 537 387 597 Liebesglück!
433 551 619 611 Warum
665 550 824 610 quälſt
863 550 917 610 Du
952 552 1021 612 das

67 604 236 664 Madel
293 612 371 672 ſo.

203 688 274 748 Es
304 694 430 754 wäre
486 695 616 755 ſchön,
668 698 817 758 wenn
857 696 912 756 Du
948 694 986 754 in

65 760 164 820 den
203 762 225 822 K
277 765 455 825 Anſichts-
489 765 571 825 und
605 770 1051 830 Poſtkarten-Verkehr

58 826 152 886 den
171 836 228 896 Du
281 836 356 896 mit
398 836 493 896 mir
538 836 799 896 unterhälſt,
833 840 935 900 auch

69 899 264 959 einmal
309 906 404 966 durch
459 908 716 968 Abſendung
748 912 852 972 ees
888 920 1034 980 Briefes

54 969 180 1029 eine
209 981 457 1041 erfriſchende
516 990 866 1050 Abwechſelung
880 1004 1089 1064 brächteſt.

73 1042 156 1102 Ich
179 1059 322 1119 wüßte
369 1070 681 1130 briſpielsweiſe
708 1076 842 1136 gern,
877 1080 992 1140 was

71 1137 269 1197 Richard
326 1139 480 1199 macht.
501 1147 895 1207 Selbſtverſtändlich
919 1165 1041 1225 ſchreibt

77 1201 153 1261 er
177 1206 250 1266 mir
295 1210 416 1270 nicht.
457 1213 495 1273 Er
523 1216 637 1276 wid
692 1221 795 1281 mir
834 1228 1048 1288 uemals

113 1292 193 1352 ſo
212 1293 337 1353 lange
375 1290 480 1350 nicht
515 1296 675 1356 ſchreiben
707 1298 892 1358 kunnen
950 1307 1020 1367 als
