3707 4546
630 452 795 512 Ich
849 451 1070 511 hätte
1170 452 1192 512 –
1279 454 1456 514 trotz
1510 457 1873 517 meines
2061 452 2390 512 Nihtſc
2439 467 3058 527 ſchreibens,

433 650 873 710 zehofft,
914 649 1007 709 in
1119 653 1406 713 dieſer
1569 667 1938 727 Wochen
2143 679 2573 739 wieder
2747 666 3096 726 ewos

323 850 573 910 von
635 850 779 910 Dir
912 852 992 912 zu
1188 856 1456 916 hören
1626 864 1948 924 Wenn
2010 867 2117 927 Du
2278 868 2430 928 auf
2616 865 3000 925 vini

328 1054 903 1114 Antwort
1012 1077 1468 1137 gewärtet
1625 1086 1864 1146 haſt,
1961 1087 2021 1147 ſo
2092 1090 2333 1150 laß’
2357 1090 2536 1150 nich
2609 1093 2812 1153 jetzt
2945 1096 3136 1156 nicht

338 1263 797 1323 länger
866 1271 1071 1331 ohne
1218 1286 1698 1346 Nachricht
1864 1300 2040 1360 und
2216 1310 2578 1370 ſchreibe
2784 1313 2999 1373 mir

306 1475 541 1535 wie
622 1492 739 1552 Du
866 1505 1092 1565 lebſt
1265 1514 1437 1574 und
1527 1516 1753 1576 was
1825 1517 1943 1577 Du
2097 1521 2712 1581 arbriteſt.

753 1718 932 1778 In
981 1733 1339 1793 wiinn
1498 1746 1805 1806 Leben
1935 1750 2381 1810 bereiten
2501 1750 2621 1810 ſich
2739 1750 3047 1810 große

281 1863 727 1923 Nurme
829 1879 1013 1939 und
1149 1908 1583 1968 vielleicht
1687 1933 1858 1993 ſehr
1926 1948 2932 2008 ſchwerwiegende

286 2098 905 2158 Ereigniſſe
1038 2112 1317 2172 vor.
1482 2129 1802 2189 Mein
1927 2145 2484 2205 Verhältniß
2679 2145 2783 2205 zu
2948 2136 3061 2196 ihr

311 2298 508 2358 iſt
545 2310 1091 2370 glücklich.
1179 2329 1439 2389 Dank
1600 2342 1737 2402 der
1909 2360 2566 2420 Behliſſenheit
2691 2364 3075 2424 einiger

317 2501 617 2561 neti
660 2512 857 2572 mr
970 2525 1787 2585 Freundinnen
1949 2536 2139 2596 und
2293 2543 2465 2603 mich
2621 2556 3024 2616 irfolge

328 2710 654 2770 ihres
784 2721 1201 2781 iigenn
1371 2734 2087 2794 Navorſichtig
2154 2745 2322 2805 keit
2545 2759 2726 2819 zun
2793 2781 3300 2841 öffentlchen

309 2941 691 3001 Gerücht
795 2954 1378 3014 geworden.
1550 2958 1705 3018 Die
1757 2959 2049 3019 ganze
2212 2960 2504 3020 Stadt
2641 2959 2728 3019 ſch
2700 2980 2931 3040 ſpricht

357 3161 580 3221 zur
666 3162 876 3222 Zeit
974 3165 1382 3225 davon.
1493 3170 1580 3230 Es
1703 3177 2099 3237 heißt,
2222 3183 2371 3243 ſie
2469 3187 2779 3247 werde
2926 3188 3087 3248 ſich

366 3376 660 3436 von
727 3381 978 3441 ihrem
1154 3388 1580 3448 Manne
1690 3397 2073 3457 ſcheiden
2182 3408 2456 3468 laſſen
2554 3417 2751 3477 und
2871 3429 3058 3489 noch

364 3617 936 3677 hriahhen.
1090 3619 1271 3679 Der
1398 3637 1719 3697 Kotſch
1872 3656 1985 3716 iſt
2068 3661 2151 3721 ſo
2306 3661 2445 3721 ag
2612 3706 3252 3766 gworden,

288 3821 495 3881 daß
605 3841 852 3901 miein
990 3876 1713 3936 Chefredaktem
1872 3905 2030 3965 bei
2110 3915 2258 3975 mir
2426 3927 2556 3987 hat
2694 3944 3189 4004 anfragen

400 4101 975 4161 laſſen,
1089 4128 1156 4188 ob
1281 4137 1371 4197 er
1552 4147 2129 4207 begründet
2231 4148 2434 4208 ſeä.
2535 4148 2694 4208 Ein
2784 4148 3146 4208 hirſiges
