1143 1441
629 154 894 214 beseauenetansse
917 156 956 216 19.

73 187 257 247 Berlin,
265 196 289 256 1.
301 200 405 260 ſun!

282 385 472 445 Mein
510 404 637 464 lieber
679 411 869 471 Freund,

94 501 289 561 Endlich
311 514 384 574 im
412 532 557 592 Brief!
585 536 641 596 Ich
685 543 792 603 war
819 557 898 617 ſchon
914 566 964 626 in

84 587 259 647 Sorge.
273 599 361 659 Jetzt
385 612 467 672 alſo
487 624 589 684 kann
599 626 628 686 ich
667 629 735 689 Dir
774 638 958 698 glückliche

77 671 259 731 Reiſe
294 694 555 754 wünſchen,
578 697 604 757 –
631 705 710 765 eiie
732 716 834 776 frohe
848 718 998 778 Sommer

65 749 208 809 führt
246 758 331 818 Dir
357 766 441 826 und
473 771 551 831 der
583 780 719 840 lieben
759 805 978 865 gefährtin¬

74 830 208 890 fine
227 841 333 901 oder
356 853 412 913 die
435 864 588 924 andere
639 880 931 940 Andentung
954 894 982 954 i

73 914 285 974 Deinem
315 932 427 992 Briefe
462 949 627 1009 verſtehe
639 953 681 1013 ich
710 956 840 1016 nicht.
869 959 940 1019 Du

71 986 223 1046 wirſt
292 1006 395 1066 mir
439 1017 503 1077 ſie
577 1025 700 1085 wohl
729 1035 964 1095 mündlich

84 1075 404 1135 auftlären.
419 1097 624 1157 Schlieme
648 1120 822 1180 Nachricht
853 1131 944 1191 von

75 1153 247 1213 Mosni
274 1170 358 1230 Hl.
385 1175 463 1235 Die
479 1187 672 1247 Armſte,

187 1261 433 1321 Hoffentlich
465 1289 570 1349 ſehen
589 1295 669 1355 wir
707 1298 787 1358 uns
825 1303 882 1363 in
896 1312 1056 1372 einigen
