1141 1437
660 163 924 223 ptssaueeetenese
945 164 980 224 19.

70 245 256 305 Berlin,
270 242 334 302 29.
352 247 508 307 Januar
538 250 553 310 l

219 353 371 413 Men
419 360 541 420 lieber
592 361 774 421 Freund,

101 444 222 504 Auch
243 450 278 510 ich
310 453 403 513 war
431 458 620 518 mnruhig,
649 467 731 527 aber
752 469 784 529 es
809 471 922 531 liegt
951 474 1029 534 kein

100 515 246 575 Gund
294 521 383 581 dazu
415 526 477 586 vor
529 532 619 592 wie
653 534 898 594 beifolgender
926 545 1016 605 Brief

74 577 275 637 beweiſt.
294 587 347 647 Da
373 591 410 651 ich
459 594 511 654 eim
556 601 687 661 großes
728 605 978 665 Miſtrauen

64 645 219 705 gegen
235 658 289 718 den
340 667 575 727 bchandeleden
629 672 966 732 »Wundenloktor¬

64 718 209 778 hatte,
216 727 338 787 ſudte
384 731 424 791 ich
463 736 536 796 das
595 740 744 800 Mädl
783 745 820 805 zu
856 751 1037 811 meinem

49 794 251 854 Freunde
294 800 366 860 Dr.
407 805 584 865 Muttner
619 813 712 873 (den
746 811 827 871 Dr.
840 811 952 871 Hajek

59 857 206 917 kennt
225 864 278 924 u.
323 877 478 937 ſchätzt).
497 883 558 943 die
580 886 694 946 Viſite
717 887 807 947 fand
857 892 988 952 geſtim

63 942 212 1002 ſtatt.
272 951 361 1011 Dr.
397 954 453 1014 R.
510 961 745 1021 Telechrnirte
780 961 862 1021 mir

59 1016 276 1076 Beſſaung
298 1029 350 1089 ſei
379 1031 468 1091 bald
494 1032 531 1092 zu
561 1037 796 1097 erwarten.
822 1040 863 1100 Er
907 1044 1032 1104 glaube

63 1085 149 1145 daß
180 1091 218 1151 da
273 1102 505 1162 behandelnde
543 1111 638 1171 Azt
670 1115 746 1175 mit
788 1121 956 1181 ſeinen

73 1167 316 1227 Zeilnitteln
348 1180 571 1240 (Arſenk)
595 1186 648 1246 im
701 1196 980 1256 Weſentlichen

84 1244 192 1304 auf
212 1252 293 1312 dem
350 1256 478 1316 richten
520 1265 648 1325 Wege
686 1269 787 1329 ſei,
806 1277 995 1337 wünſche
