3701 4550
1398 439 2045 499 Frackfurt,
2061 454 2163 514 4.
2243 461 2709 521 Dezender.

744 854 1102 914 Maii
1221 886 1505 946 lieber
1606 898 2101 958 Freund,

481 1179 903 1239 Vieler
1048 1205 1375 1265 Dok
1490 1214 1654 1274 für
1808 1219 2106 1279 Deinn
2222 1225 2876 1285 unteriſfaeiten
3000 1241 3366 1301 Metzge
3371 1265 3438 1325 .

424 1400 957 1460 lungen!
1146 1417 1337 1477 Daß
1424 1424 1709 1484 Bahr
1812 1432 2103 1492 gegen
2242 1437 2446 1497 Dein
2600 1439 2841 1499 Stult
2921 1438 3367 1498 intergiort

421 1580 567 1640 i
705 1587 825 1647 ein
938 1595 1188 1655 Zig,
1257 1601 1413 1661 der
1464 1606 1714 1666 ganz
1817 1612 1965 1672 zum
2112 1618 2853 1678 Cherakterbilde
2922 1617 3181 1677 dieſes

434 1792 956 1852 buſchen
1043 1809 1323 1869 poßt.
1400 1810 1663 1870 Wenn
1759 1805 2301 1865 Scheenther
2388 1799 2562 1859 Dich
2669 1798 2823 1858 auf
2940 1799 3075 1859 die

445 1983 1115 2043 Avfführung
1250 1991 1553 2051 deiner
1741 1991 2009 2051 zwei
2143 1985 2634 2045 Einakter
2795 1973 3224 2033 warten

458 2173 862 2233 läßt,
889 2176 953 2236 ſo
1110 2177 1339 2237 rächt
1449 2176 1541 2236 er
1615 2175 1853 2235 ſich,
1899 2172 2092 2232 nach
2212 2167 2368 2227 Art
2534 2159 3121 2219 germines

421 2363 1097 2423 Naturen,
1151 2365 1344 2425 fün
1463 2366 1572 2426 die
1646 2366 2451 2426 Deruthigung,
2506 2363 2652 2423 die
2725 2358 2826 2418 er
2945 2353 3063 2413 en

411 2558 777 2618 Streit
920 2565 1096 2625 not
1259 2567 1422 2627 Dir
1565 2568 1782 2628 aber
1918 2567 2073 2627 der
2142 2564 2793 2624 »Rrkrier«
2922 2566 3309 2626 erlitten

811 2794 1075 2854 Par
1171 2806 1379 2866 Soel
1539 2822 2211 2882 Wassermann
2355 2836 2435 2896 in
2539 2847 3003 2907 welthung
3115 2862 3315 2922 wie

421 2959 620 3019 Du
699 2976 994 3036 ſagſt,
1063 2988 1194 3048 die
1349 3006 1984 3066 Frenkhirter
2149 3028 2601 3088 Zeitung«
2791 3053 3251 3113 Dunchris

399 3146 602 3206 in
663 3187 1035 3247 Nnrecht
1239 3212 1443 3272 iſt,
1562 3216 1671 3276 iſt
1755 3218 1899 3278 die
1995 3221 2836 3281 »Frorckhunter
2955 3267 3340 3327 Zeitung,

428 3381 908 3441 durchabus
1068 3411 1200 3471 on
1303 3425 1652 3485 Rucht.
1708 3440 2226 3500 DAlburt’
2405 3465 3309 3525 Doupopiticun

394 3608 766 3668 ſind
942 3628 1726 3688 unttelwäßige
1794 3655 2588 3715 Leiſtungen.
2627 3672 2804 3732 das
2872 3682 3274 3742 wiſſen

378 3798 651 3858 wir
774 3809 976 3869 hier
1162 3822 1337 3882 und
1461 3832 1655 3892 das
1769 3842 1900 3902 hat
2050 3852 2323 3912 dbiſ
2456 3860 3080 3920 Nieruaird

431 4013 1114 4073 beſtritter.
1156 4037 1916 4097 Fraukeusteius
2000 4047 2878 4107 Cosurpitiouun
2997 4056 3250 4116 ſind
