<?xml version="1.0" encoding="UTF-8" standalone="yes"?>
<PcGts xmlns="http://schema.primaresearch.org/PAGE/gts/pagecontent/2013-07-15" xmlns:xsi="http://www.w3.org/2001/XMLSchema-instance" xsi:schemaLocation="http://schema.primaresearch.org/PAGE/gts/pagecontent/2013-07-15 http://schema.primaresearch.org/PAGE/gts/pagecontent/2013-07-15/pagecontent.xsd">
    <Metadata>
        <Creator>prov=READ-COOP:name=PyLaia@TranskribusPlatform:version=1.2.0:model_id=49503:lm=none:date=15_02_2023_10:05</Creator>
        <Created>2022-04-04T16:25:57.380+02:00</Created>
        <LastChange>2023-03-14T16:26:20.557+01:00</LastChange>
        <TranskribusMetadata docId="962554" pageId="37299502" pageNr="79" tsid="116805048" status="IN_PROGRESS" userId="64420" imgUrl="https://files.transkribus.eu/Get?id=MMZJOYKGQNFQNEFZBVZIOBIF&amp;fileType=view" xmlUrl="https://files.transkribus.eu/Get?id=PLOFTKPXIGFYOPOZOGDBODBM" imageId="30076543"/>
    </Metadata>
    <Page imageFilename="DLA_1901_00079 DLA_85.1.3171_00064.jpg" imageWidth="983" imageHeight="1470">
        <ReadingOrder>
            <OrderedGroup id="ro_1687340687712" caption="Regions reading order">
                <RegionRefIndexed index="0" regionRef="tr_2"/>
                <RegionRefIndexed index="1" regionRef="tr_4"/>
                <RegionRefIndexed index="2" regionRef="tr_3"/>
                <RegionRefIndexed index="3" regionRef="tr_1"/>
            </OrderedGroup>
        </ReadingOrder>
        <TextRegion id="tr_2" custom="readingOrder {index:0;}">
            <Coords points="80,76 832,76 832,431 80,431"/>
            <TextLine id="tr_2_tl_1" custom="readingOrder {index:0;} dateline {offset:0; length:18;} latintype {offset:0; length:6;} place {offset:0; length:6;} letter-begin {offset:0; length:0;} date {offset:8; length:9;}">
                <Coords points="245,152 376,178 461,159 518,179 578,159 647,173 646,120 606,110 535,123 502,105 472,118 445,98 398,123 327,108 301,83 244,97"/>
                <Baseline points="250,126 275,129 299,134 324,137 349,139 373,140 398,139 422,137 447,136 471,134 496,136 521,136 545,137 570,139 594,139 619,140 644,142 650,140"/>
                <Word id="tr_2_tl_1_w1" custom="readingOrder {index:0;}">
                    <Coords points="240,97 240,157 415,157 415,97"/>
                    <TextEquiv>
                        <Unicode>Landrg</Unicode>
                    </TextEquiv>
                </Word>
                <Word id="tr_2_tl_1_w2" custom="readingOrder {index:1;}">
                    <Coords points="431,96 431,156 462,156 462,96"/>
                    <TextEquiv>
                        <Unicode>5.</Unicode>
                    </TextEquiv>
                </Word>
                <Word id="tr_2_tl_1_w3" custom="readingOrder {index:2;}">
                    <Coords points="471,96 471,156 603,156 603,96"/>
                    <TextEquiv>
                        <Unicode>Auguſt.</Unicode>
                    </TextEquiv>
                </Word>
                <TextEquiv>
                    <Unicode>Landro, 5. Auguſt.</Unicode>
                </TextEquiv>
            </TextLine>
            <TextLine id="tr_2_tl_2" custom="readingOrder {index:1;} salute {offset:0; length:19;}">
                <Coords points="100,247 506,277 550,266 548,230 507,253 425,218 364,245 245,222 189,234 120,199 98,212"/>
                <Baseline points="106,237 131,240 155,244 180,247 204,247 229,249 254,252 278,255 303,258 327,260 352,260 376,260 401,260 426,262 450,263 475,265 499,265 524,265 548,263 551,281"/>
                <Word id="tr_2_tl_2_w1" custom="readingOrder {index:0;}">
                    <Coords points="92,204 92,264 224,264 224,204"/>
                    <TextEquiv>
                        <Unicode>Mein</Unicode>
                    </TextEquiv>
                </Word>
                <Word id="tr_2_tl_2_w2" custom="readingOrder {index:1;}">
                    <Coords points="242,217 242,277 356,277 356,217"/>
                    <TextEquiv>
                        <Unicode>lieber</Unicode>
                    </TextEquiv>
                </Word>
                <Word id="tr_2_tl_2_w3" custom="readingOrder {index:2;}">
                    <Coords points="402,225 402,285 560,285 560,225"/>
                    <TextEquiv>
                        <Unicode>Freund,</Unicode>
                    </TextEquiv>
                </Word>
                <TextEquiv>
                    <Unicode>Mein lieber Freund,</Unicode>
                </TextEquiv>
            </TextLine>
            <TextLine id="tr_2_tl_3" custom="readingOrder {index:2;} structure {type:paragraph;} latintype {offset:0; length:8;} person {offset:0; length:7;}">
                <Coords points="86,352 174,340 346,378 373,358 801,366 800,344 696,357 576,318 523,347 354,338 144,285 84,306"/>
                <Baseline points="91,334 116,334 140,335 165,339 190,342 214,344 239,345 263,349 288,349 313,352 337,352 362,353 386,353 411,353 435,355 460,357 485,357 509,357 534,358 558,360 583,360 607,360 632,362 657,362 681,363 706,365 730,365 755,367 780,367 803,365"/>
                <Word id="tr_2_tl_3_w1" custom="readingOrder {index:0;}">
                    <Coords points="79,300 79,360 268,360 268,300"/>
                    <TextEquiv>
                        <Unicode>Kichards</Unicode>
                    </TextEquiv>
                </Word>
                <Word id="tr_2_tl_3_w2" custom="readingOrder {index:1;}">
                    <Coords points="284,313 284,373 513,373 513,313"/>
                    <TextEquiv>
                        <Unicode>Telegromm,</Unicode>
                    </TextEquiv>
                </Word>
                <Word id="tr_2_tl_3_w3" custom="readingOrder {index:2;}">
                    <Coords points="523,318 523,378 555,378 555,318"/>
                    <TextEquiv>
                        <Unicode>in</Unicode>
                    </TextEquiv>
                </Word>
                <Word id="tr_2_tl_3_w4" custom="readingOrder {index:3;}">
                    <Coords points="574,320 574,380 639,380 639,320"/>
                    <TextEquiv>
                        <Unicode>dem</Unicode>
                    </TextEquiv>
                </Word>
                <Word id="tr_2_tl_3_w5" custom="readingOrder {index:4;}">
                    <Coords points="658,322 658,382 687,382 687,322"/>
                    <TextEquiv>
                        <Unicode>er</Unicode>
                    </TextEquiv>
                </Word>
                <Word id="tr_2_tl_3_w6" custom="readingOrder {index:5;}">
                    <Coords points="715,326 715,386 779,386 779,326"/>
                    <TextEquiv>
                        <Unicode>mnrs</Unicode>
                    </TextEquiv>
                </Word>
                <TextEquiv>
                    <Unicode>Richards Telegramm, in dem er mir</Unicode>
                </TextEquiv>
            </TextLine>
            <TextLine id="tr_2_tl_4" custom="readingOrder {index:3;}">
                <Coords points="75,396 271,421 411,402 687,446 829,402 73,363"/>
                <Baseline points="80,385 104,385 129,386 154,388 178,391 203,394 227,396 252,399 276,399 301,399 326,401 350,401 375,401 399,401 424,403 449,403 473,404 498,406 522,408 547,404 571,408 596,411 621,412 645,414 670,414 694,416 719,417 744,419 768,421 793,421 817,421 832,421"/>
                <Word id="tr_2_tl_4_w1" custom="readingOrder {index:0;}">
                    <Coords points="68,351 68,411 289,411 289,351"/>
                    <TextEquiv>
                        <Unicode>eittheilte,</Unicode>
                    </TextEquiv>
                </Word>
                <Word id="tr_2_tl_4_w2" custom="readingOrder {index:1;}">
                    <Coords points="294,360 294,420 342,420 342,360"/>
                    <TextEquiv>
                        <Unicode>daß</Unicode>
                    </TextEquiv>
                </Word>
                <Word id="tr_2_tl_4_w3" custom="readingOrder {index:2;}">
                    <Coords points="368,361 368,421 405,421 405,361"/>
                    <TextEquiv>
                        <Unicode>Du</Unicode>
                    </TextEquiv>
                </Word>
                <Word id="tr_2_tl_4_w4" custom="readingOrder {index:3;}">
                    <Coords points="433,364 433,424 524,424 524,364"/>
                    <TextEquiv>
                        <Unicode>einen</Unicode>
                    </TextEquiv>
                </Word>
                <Word id="tr_2_tl_4_w5" custom="readingOrder {index:4;}">
                    <Coords points="579,376 579,436 824,436 824,376"/>
                    <TextEquiv>
                        <Unicode>jochgelegenen</Unicode>
                    </TextEquiv>
                </Word>
                <TextEquiv>
                    <Unicode>mittheilte, daß Du einen hochgelegenen</Unicode>
                </TextEquiv>
            </TextLine>
            <TextEquiv>
                <Unicode>Landro, 5. Auguſt.
Mein lieber Freund,
Richards Telegramm, in dem er mir
mittheilte, daß Du einen hochgelegenen</Unicode>
            </TextEquiv>
        </TextRegion>
        <TextRegion id="tr_4" custom="readingOrder {index:1;}">
            <Coords points="78,390 868,390 868,640 78,640"/>
            <TextLine id="tr_4_tl_1" custom="readingOrder {index:0;} place {offset:0; length:3;}">
                <Coords points="96,457 368,455 535,498 590,469 756,491 800,481 799,458 93,408"/>
                <Baseline points="101,442 126,440 150,442 175,442 199,445 224,447 249,449 273,449 298,449 322,450 347,452 372,452 396,453 421,453 445,455 470,455 494,457 519,458 544,460 568,460 593,460 617,463 642,465 666,467 691,468 716,468 740,470 765,471 789,471 801,470"/>
                <Word id="tr_4_tl_1_w1" custom="readingOrder {index:0;}">
                    <Coords points="88,400 88,460 173,460 173,400"/>
                    <TextEquiv>
                        <Unicode>Ort</Unicode>
                    </TextEquiv>
                </Word>
                <Word id="tr_4_tl_1_w2" custom="readingOrder {index:1;}">
                    <Coords points="189,409 189,469 356,469 356,409"/>
                    <TextEquiv>
                        <Unicode>gefunden,</Unicode>
                    </TextEquiv>
                </Word>
                <Word id="tr_4_tl_1_w3" custom="readingOrder {index:2;}">
                    <Coords points="364,413 364,473 481,473 481,413"/>
                    <TextEquiv>
                        <Unicode>eraechte</Unicode>
                    </TextEquiv>
                </Word>
                <Word id="tr_4_tl_1_w4" custom="readingOrder {index:3;}">
                    <Coords points="517,420 517,480 571,480 571,420"/>
                    <TextEquiv>
                        <Unicode>nich</Unicode>
                    </TextEquiv>
                </Word>
                <Word id="tr_4_tl_1_w5" custom="readingOrder {index:4;}">
                    <Coords points="588,424 588,484 689,484 689,424"/>
                    <TextEquiv>
                        <Unicode>leider</Unicode>
                    </TextEquiv>
                </Word>
                <Word id="tr_4_tl_1_w6" custom="readingOrder {index:5;}">
                    <Coords points="730,430 730,490 768,490 768,430"/>
                    <TextEquiv>
                        <Unicode>zu</Unicode>
                    </TextEquiv>
                </Word>
                <TextEquiv>
                    <Unicode>Ort gefunden, erreichte mich leider zu</Unicode>
                </TextEquiv>
            </TextLine>
            <TextLine id="tr_4_tl_2" custom="readingOrder {index:1;} latintype {offset:32; length:6;} person {offset:32; length:6;}">
                <Coords points="96,513 168,492 255,530 304,502 380,545 432,512 825,523 830,492 596,502 252,453 94,460"/>
                <Baseline points="101,486 126,491 150,490 175,491 199,493 224,494 249,494 273,498 298,499 322,503 347,504 372,504 396,506 421,506 445,508 470,509 494,511 519,511 544,511 568,511 593,511 617,511 642,512 666,512 691,512 716,514 740,516 765,516 789,517 814,517 834,519"/>
                <Word id="tr_4_tl_2_w1" custom="readingOrder {index:0;}">
                    <Coords points="90,450 90,510 207,510 207,450"/>
                    <TextEquiv>
                        <Unicode>köt.</Unicode>
                    </TextEquiv>
                </Word>
                <Word id="tr_4_tl_2_w2" custom="readingOrder {index:1;}">
                    <Coords points="227,454 227,514 260,514 260,454"/>
                    <TextEquiv>
                        <Unicode>Ich</Unicode>
                    </TextEquiv>
                </Word>
                <Word id="tr_4_tl_2_w3" custom="readingOrder {index:2;}">
                    <Coords points="277,461 277,521 350,521 350,461"/>
                    <TextEquiv>
                        <Unicode>hatte</Unicode>
                    </TextEquiv>
                </Word>
                <Word id="tr_4_tl_2_w4" custom="readingOrder {index:3;}">
                    <Coords points="363,465 363,525 424,525 424,465"/>
                    <TextEquiv>
                        <Unicode>mich</Unicode>
                    </TextEquiv>
                </Word>
                <Word id="tr_4_tl_2_w5" custom="readingOrder {index:4;}">
                    <Coords points="440,471 440,531 570,531 570,471"/>
                    <TextEquiv>
                        <Unicode>bereits</Unicode>
                    </TextEquiv>
                </Word>
                <Word id="tr_4_tl_2_w6" custom="readingOrder {index:5;}">
                    <Coords points="617,471 617,531 660,531 660,471"/>
                    <TextEquiv>
                        <Unicode>in</Unicode>
                    </TextEquiv>
                </Word>
                <Word id="tr_4_tl_2_w7" custom="readingOrder {index:6;}">
                    <Coords points="690,476 690,536 817,536 817,476"/>
                    <TextEquiv>
                        <Unicode>Londes</Unicode>
                    </TextEquiv>
                </Word>
                <TextEquiv>
                    <Unicode>spät. Ich hatte mich bereits in Landro</Unicode>
                </TextEquiv>
            </TextLine>
            <TextLine id="tr_4_tl_3" custom="readingOrder {index:2;}">
                <Coords points="72,536 139,574 341,562 402,602 454,569 669,616 705,585 865,589 863,556 712,532 508,555 71,513"/>
                <Baseline points="78,535 103,539 127,540 152,544 176,547 201,548 226,552 250,555 275,557 299,558 324,558 349,560 373,560 398,562 422,563 447,563 471,565 496,565 521,568 545,568 570,568 594,567 619,568 644,568 668,568 693,570 717,570 742,571 766,573 791,575 816,576 840,580 865,581 868,583"/>
                <Word id="tr_4_tl_3_w1" custom="readingOrder {index:0;}">
                    <Coords points="67,507 67,567 327,567 327,507"/>
                    <TextEquiv>
                        <Unicode>ungemiethet;</Unicode>
                    </TextEquiv>
                </Word>
                <Word id="tr_4_tl_3_w2" custom="readingOrder {index:1;}">
                    <Coords points="345,520 345,580 399,580 399,520"/>
                    <TextEquiv>
                        <Unicode>ein</Unicode>
                    </TextEquiv>
                </Word>
                <Word id="tr_4_tl_3_w3" custom="readingOrder {index:2;}">
                    <Coords points="417,525 417,585 564,585 564,525"/>
                    <TextEquiv>
                        <Unicode>Zimmer</Unicode>
                    </TextEquiv>
                </Word>
                <Word id="tr_4_tl_3_w4" custom="readingOrder {index:3;}">
                    <Coords points="596,528 596,588 680,588 680,528"/>
                    <TextEquiv>
                        <Unicode>hatte</Unicode>
                    </TextEquiv>
                </Word>
                <Word id="tr_4_tl_3_w5" custom="readingOrder {index:4;}">
                    <Coords points="693,530 693,590 715,590 715,530"/>
                    <TextEquiv>
                        <Unicode>ich</Unicode>
                    </TextEquiv>
                </Word>
                <Word id="tr_4_tl_3_w6" custom="readingOrder {index:5;}">
                    <Coords points="737,531 737,591 768,591 768,531"/>
                    <TextEquiv>
                        <Unicode>in</Unicode>
                    </TextEquiv>
                </Word>
                <Word id="tr_4_tl_3_w7" custom="readingOrder {index:6;}">
                    <Coords points="786,537 786,597 859,597 859,537"/>
                    <TextEquiv>
                        <Unicode>dem</Unicode>
                    </TextEquiv>
                </Word>
                <TextEquiv>
                    <Unicode>eingemiethet; ein Zimmer hatte ich in dem</Unicode>
                </TextEquiv>
            </TextLine>
            <TextLine id="tr_4_tl_4" custom="readingOrder {index:3;} latintype {offset:0; length:5;} place {offset:0; length:5;} textStyle {offset:18; length:1;strikethrough:true;} gap {offset:18; length:0;}">
                <Coords points="74,601 230,605 299,648 363,610 799,628 798,608 578,603 550,578 402,602 73,569"/>
                <Baseline points="80,591 104,594 129,598 154,599 178,601 203,603 227,603 252,604 276,604 301,606 326,606 350,606 375,607 399,609 424,611 449,611 473,612 498,611 522,614 547,616 571,617 596,619 621,619 645,619 670,619 694,621 719,624 744,627 768,629 793,629 801,630"/>
                <Word id="tr_4_tl_4_w1" custom="readingOrder {index:0;}">
                    <Coords points="68,557 68,617 179,617 179,557"/>
                    <TextEquiv>
                        <Unicode>Hötel</Unicode>
                    </TextEquiv>
                </Word>
                <Word id="tr_4_tl_4_w2" custom="readingOrder {index:1;}">
                    <Coords points="212,564 212,624 341,624 341,564"/>
                    <TextEquiv>
                        <Unicode>nämlich</Unicode>
                    </TextEquiv>
                </Word>
                <Word id="tr_4_tl_4_w3" custom="readingOrder {index:2;}">
                    <Coords points="374,569 374,629 438,629 438,569"/>
                    <TextEquiv>
                        <Unicode>nur</Unicode>
                    </TextEquiv>
                </Word>
                <Word id="tr_4_tl_4_w4" custom="readingOrder {index:3;}">
                    <Coords points="481,571 481,631 496,631 496,571"/>
                    <TextEquiv>
                        <Unicode>d</Unicode>
                    </TextEquiv>
                </Word>
                <Word id="tr_4_tl_4_w5" custom="readingOrder {index:4;}">
                    <Coords points="537,578 537,638 649,638 649,578"/>
                    <TextEquiv>
                        <Unicode>enter</Unicode>
                    </TextEquiv>
                </Word>
                <Word id="tr_4_tl_4_w6" custom="readingOrder {index:5;}">
                    <Coords points="709,586 709,646 773,646 773,586"/>
                    <TextEquiv>
                        <Unicode>den</Unicode>
                    </TextEquiv>
                </Word>
                <TextEquiv>
                    <Unicode>Hôtel nämlich nur X unter der</Unicode>
                </TextEquiv>
            </TextLine>
            <TextEquiv>
                <Unicode>Ort gefunden, erreichte mich leider zu
spät. Ich hatte mich bereits in Landro
eingemiethet; ein Zimmer hatte ich in dem
Hôtel nämlich nur X unter der</Unicode>
            </TextEquiv>
        </TextRegion>
        <TextRegion id="tr_3" custom="readingOrder {index:2;}">
            <Coords points="78,594 883,594 883,999 78,999"/>
            <TextLine id="tr_3_tl_1" custom="readingOrder {index:0;}">
                <Coords points="88,664 479,674 630,719 696,678 778,721 881,714 878,654 674,638 539,665 85,618"/>
                <Baseline points="93,644 117,647 142,650 167,652 191,655 216,657 240,658 265,660 290,660 314,662 339,663 363,665 388,665 412,665 437,668 462,670 486,673 511,673 535,675 560,675 585,676 609,676 634,676 658,678 683,678 707,680 732,681 757,683 781,685 806,688 830,689 855,693 880,694 883,694"/>
                <Word id="tr_3_tl_1_w1" custom="readingOrder {index:0;}">
                    <Coords points="80,615 80,675 315,675 315,615"/>
                    <TextEquiv>
                        <Unicode>Bedingung</Unicode>
                    </TextEquiv>
                </Word>
                <Word id="tr_3_tl_1_w2" custom="readingOrder {index:1;}">
                    <Coords points="335,628 335,688 543,688 543,628"/>
                    <TextEquiv>
                        <Unicode>bekommen,</Unicode>
                    </TextEquiv>
                </Word>
                <Word id="tr_3_tl_1_w3" custom="readingOrder {index:2;}">
                    <Coords points="561,636 561,696 616,696 616,636"/>
                    <TextEquiv>
                        <Unicode>daß</Unicode>
                    </TextEquiv>
                </Word>
                <Word id="tr_3_tl_1_w4" custom="readingOrder {index:3;}">
                    <Coords points="641,637 641,697 668,697 668,637"/>
                    <TextEquiv>
                        <Unicode>ich</Unicode>
                    </TextEquiv>
                </Word>
                <Word id="tr_3_tl_1_w5" custom="readingOrder {index:4;}">
                    <Coords points="691,644 691,704 861,704 861,644"/>
                    <TextEquiv>
                        <Unicode>mindeſtens</Unicode>
                    </TextEquiv>
                </Word>
                <TextEquiv>
                    <Unicode>Bedingung bekommen, daß ich mindeſtens</Unicode>
                </TextEquiv>
            </TextLine>
            <TextLine id="tr_3_tl_2" custom="readingOrder {index:1;}">
                <Coords points="80,694 239,739 446,724 545,774 597,746 683,776 717,749 862,765 859,727 795,713 514,717 414,680 313,708 79,675"/>
                <Baseline points="86,689 111,693 136,696 160,699 185,704 209,707 234,711 258,712 283,716 308,717 332,717 357,719 381,719 406,721 431,721 455,724 480,725 504,725 529,727 553,729 578,729 603,730 627,732 652,734 676,735 701,739 725,742 750,745 775,750 799,753 824,758 848,762 865,765"/>
                <Word id="tr_3_tl_2_w1" custom="readingOrder {index:0;}">
                    <Coords points="77,654 77,714 177,714 177,654"/>
                    <TextEquiv>
                        <Unicode>eine</Unicode>
                    </TextEquiv>
                </Word>
                <Word id="tr_3_tl_2_w2" custom="readingOrder {index:1;}">
                    <Coords points="195,671 195,731 290,731 290,671"/>
                    <TextEquiv>
                        <Unicode>Woche</Unicode>
                    </TextEquiv>
                </Word>
                <Word id="tr_3_tl_2_w3" custom="readingOrder {index:2;}">
                    <Coords points="304,677 304,737 340,737 340,677"/>
                    <TextEquiv>
                        <Unicode>zu</Unicode>
                    </TextEquiv>
                </Word>
                <Word id="tr_3_tl_2_w4" custom="readingOrder {index:3;}">
                    <Coords points="359,681 359,741 490,741 490,681"/>
                    <TextEquiv>
                        <Unicode>bleiben</Unicode>
                    </TextEquiv>
                </Word>
                <Word id="tr_3_tl_2_w5" custom="readingOrder {index:4;}">
                    <Coords points="517,688 517,748 586,748 586,688"/>
                    <TextEquiv>
                        <Unicode>mich</Unicode>
                    </TextEquiv>
                </Word>
                <Word id="tr_3_tl_2_w6" custom="readingOrder {index:5;}">
                    <Coords points="608,703 608,763 862,763 862,703"/>
                    <TextEquiv>
                        <Unicode>verpflichtete.</Unicode>
                    </TextEquiv>
                </Word>
                <TextEquiv>
                    <Unicode>eine Woche zu bleiben mich verpflichtete.</Unicode>
                </TextEquiv>
            </TextLine>
            <TextLine id="tr_3_tl_3" custom="readingOrder {index:2;}">
                <Coords points="83,766 155,761 266,811 577,793 760,863 869,831 865,785 772,764 718,794 379,743 205,755 79,718"/>
                <Baseline points="88,753 113,755 137,757 162,760 186,763 211,765 235,766 260,770 285,770 309,771 334,773 358,775 383,776 408,780 432,783 457,784 481,786 506,786 530,788 555,789 580,789 604,791 629,793 653,796 678,798 703,801 727,804 752,807 776,811 801,814 825,817 850,822 871,822"/>
                <Word id="tr_3_tl_3_w1" custom="readingOrder {index:0;}">
                    <Coords points="81,715 81,775 149,775 149,715"/>
                    <TextEquiv>
                        <Unicode>So</Unicode>
                    </TextEquiv>
                </Word>
                <Word id="tr_3_tl_3_w2" custom="readingOrder {index:1;}">
                    <Coords points="168,725 168,785 274,785 274,725"/>
                    <TextEquiv>
                        <Unicode>werde</Unicode>
                    </TextEquiv>
                </Word>
                <Word id="tr_3_tl_3_w3" custom="readingOrder {index:2;}">
                    <Coords points="286,730 286,790 317,790 317,730"/>
                    <TextEquiv>
                        <Unicode>ich</Unicode>
                    </TextEquiv>
                </Word>
                <Word id="tr_3_tl_3_w4" custom="readingOrder {index:3;}">
                    <Coords points="329,735 329,795 392,795 392,735"/>
                    <TextEquiv>
                        <Unicode>alſo</Unicode>
                    </TextEquiv>
                </Word>
                <Word id="tr_3_tl_3_w5" custom="readingOrder {index:4;}">
                    <Coords points="411,743 411,803 485,803 485,743"/>
                    <TextEquiv>
                        <Unicode>nicht</Unicode>
                    </TextEquiv>
                </Word>
                <Word id="tr_3_tl_3_w6" custom="readingOrder {index:5;}">
                    <Coords points="529,749 529,809 591,809 591,749"/>
                    <TextEquiv>
                        <Unicode>vor</Unicode>
                    </TextEquiv>
                </Word>
                <Word id="tr_3_tl_3_w7" custom="readingOrder {index:6;}">
                    <Coords points="617,758 617,818 741,818 741,758"/>
                    <TextEquiv>
                        <Unicode>ablauf</Unicode>
                    </TextEquiv>
                </Word>
                <Word id="tr_3_tl_3_w8" custom="readingOrder {index:7;}">
                    <Coords points="753,774 753,834 853,834 853,774"/>
                    <TextEquiv>
                        <Unicode>dieſer</Unicode>
                    </TextEquiv>
                </Word>
                <TextEquiv>
                    <Unicode>So werde ich alſo nicht vor Ablauf dieſer</Unicode>
                </TextEquiv>
            </TextLine>
            <TextLine id="tr_3_tl_4" custom="readingOrder {index:3;}">
                <Coords points="88,824 157,858 297,830 839,877 836,838 760,861 628,817 234,820 85,784"/>
                <Baseline points="93,811 117,816 142,819 167,822 191,827 216,829 240,830 265,830 290,829 314,832 339,834 363,834 388,837 412,839 437,842 462,843 486,845 511,847 535,848 560,852 585,852 609,853 634,855 658,858 683,860 707,863 732,865 757,868 781,870 806,873 830,873 842,873"/>
                <Word id="tr_3_tl_4_w1" custom="readingOrder {index:0;}">
                    <Coords points="82,779 82,839 217,839 217,779"/>
                    <TextEquiv>
                        <Unicode>Woche</Unicode>
                    </TextEquiv>
                </Word>
                <Word id="tr_3_tl_4_w2" custom="readingOrder {index:1;}">
                    <Coords points="231,790 231,850 266,850 266,790"/>
                    <TextEquiv>
                        <Unicode>zu</Unicode>
                    </TextEquiv>
                </Word>
                <Word id="tr_3_tl_4_w3" custom="readingOrder {index:2;}">
                    <Coords points="288,792 288,852 355,852 355,792"/>
                    <TextEquiv>
                        <Unicode>Dir</Unicode>
                    </TextEquiv>
                </Word>
                <Word id="tr_3_tl_4_w4" custom="readingOrder {index:3;}">
                    <Coords points="390,804 390,864 561,864 561,804"/>
                    <TextEquiv>
                        <Unicode>kommen</Unicode>
                    </TextEquiv>
                </Word>
                <Word id="tr_3_tl_4_w5" custom="readingOrder {index:4;}">
                    <Coords points="596,819 596,879 759,879 759,819"/>
                    <TextEquiv>
                        <Unicode>können,</Unicode>
                    </TextEquiv>
                </Word>
                <Word id="tr_3_tl_4_w6" custom="readingOrder {index:5;}">
                    <Coords points="766,831 766,891 827,891 827,831"/>
                    <TextEquiv>
                        <Unicode>und</Unicode>
                    </TextEquiv>
                </Word>
                <TextEquiv>
                    <Unicode>Woche zu Dir kommen können, und</Unicode>
                </TextEquiv>
            </TextLine>
            <TextLine id="tr_3_tl_5" custom="readingOrder {index:4;} textStyle {offset:9; length:1;strikethrough:true;} add {offset:10; length:2;}">
                <Coords points="76,920 113,886 238,940 289,911 344,942 379,909 832,950 828,901 770,892 71,855"/>
                <Baseline points="78,866 103,870 127,875 152,881 176,884 201,886 226,888 250,891 275,893 299,894 324,894 349,896 373,899 398,898 422,901 447,904 471,906 496,909 521,911 545,912 570,914 594,916 619,917 644,917 668,921 693,922 717,925 742,927 766,932 791,934 816,935 834,935"/>
                <Word id="tr_3_tl_5_w1" custom="readingOrder {index:0;}">
                    <Coords points="68,828 68,888 124,888 124,828"/>
                    <TextEquiv>
                        <Unicode>ich</Unicode>
                    </TextEquiv>
                </Word>
                <Word id="tr_3_tl_5_w2" custom="readingOrder {index:1;}">
                    <Coords points="136,844 136,904 216,904 216,844"/>
                    <TextEquiv>
                        <Unicode>bitte,</Unicode>
                    </TextEquiv>
                </Word>
                <Word id="tr_3_tl_5_w3" custom="readingOrder {index:2;}">
                    <Coords points="224,852 224,912 303,912 303,852"/>
                    <TextEquiv>
                        <Unicode>Dich,</Unicode>
                    </TextEquiv>
                </Word>
                <Word id="tr_3_tl_5_w4" custom="readingOrder {index:3;}">
                    <Coords points="311,856 311,916 387,916 387,856"/>
                    <TextEquiv>
                        <Unicode>mich</Unicode>
                    </TextEquiv>
                </Word>
                <Word id="tr_3_tl_5_w5" custom="readingOrder {index:4;}">
                    <Coords points="411,867 411,927 551,927 551,867"/>
                    <TextEquiv>
                        <Unicode>ſogleich</Unicode>
                    </TextEquiv>
                </Word>
                <Word id="tr_3_tl_5_w6" custom="readingOrder {index:5;}">
                    <Coords points="574,876 574,936 638,936 638,876"/>
                    <TextEquiv>
                        <Unicode>von</Unicode>
                    </TextEquiv>
                </Word>
                <Word id="tr_3_tl_5_w7" custom="readingOrder {index:6;}">
                    <Coords points="666,886 666,946 809,946 809,886"/>
                    <TextEquiv>
                        <Unicode>Deinem</Unicode>
                    </TextEquiv>
                </Word>
                <TextEquiv>
                    <Unicode>ich bitte, Dich, mich ſogleich von Deinem</Unicode>
                </TextEquiv>
            </TextLine>
            <TextLine id="tr_3_tl_6" custom="readingOrder {index:5;} comment {offset:18; length:11;comment:meinte\u0020er\u0020verständigen?;}">
                <Coords points="74,938 188,1003 265,966 793,993 742,953 689,973 510,919 405,956 292,918 238,940 132,894 73,920"/>
                <Baseline points="80,932 104,934 129,939 154,942 178,945 203,948 227,952 252,953 276,957 301,958 326,960 350,960 375,963 399,963 424,965 449,968 473,970 498,970 522,973 547,975 571,976 596,976 621,978 645,980 670,981 694,981 719,984 744,986 768,989 793,989 794,989"/>
                <Word id="tr_3_tl_6_w1" custom="readingOrder {index:0;}">
                    <Coords points="70,907 70,967 329,967 329,907"/>
                    <TextEquiv>
                        <Unicode>Aufanthalsot</Unicode>
                    </TextEquiv>
                </Word>
                <Word id="tr_3_tl_6_w2" custom="readingOrder {index:1;}">
                    <Coords points="348,922 348,982 386,982 386,922"/>
                    <TextEquiv>
                        <Unicode>zu</Unicode>
                    </TextEquiv>
                </Word>
                <Word id="tr_3_tl_6_w3" custom="readingOrder {index:2;}">
                    <Coords points="432,935 432,995 684,995 684,935"/>
                    <TextEquiv>
                        <Unicode>beſtändigen.</Unicode>
                    </TextEquiv>
                </Word>
                <Word id="tr_3_tl_6_w4" custom="readingOrder {index:3;}">
                    <Coords points="714,946 714,1006 779,1006 779,946"/>
                    <TextEquiv>
                        <Unicode>Die</Unicode>
                    </TextEquiv>
                </Word>
                <TextEquiv>
                    <Unicode>Aufenthaltsort zu beſtändigen. Die</Unicode>
                </TextEquiv>
            </TextLine>
            <TextEquiv>
                <Unicode>Bedingung bekommen, daß ich mindeſtens
eine Woche zu bleiben mich verpflichtete.
So werde ich alſo nicht vor Ablauf dieſer
Woche zu Dir kommen können, und
ich bitte, Dich, mich ſogleich von Deinem
Aufenthaltsort zu beſtändigen. Die</Unicode>
            </TextEquiv>
        </TextRegion>
        <TextRegion id="tr_1" custom="readingOrder {index:3;}">
            <Coords points="65,952 884,952 884,1389 65,1389"/>
            <TextLine id="tr_1_tl_1" custom="readingOrder {index:0;}">
                <Coords points="77,1031 176,1021 236,1061 327,1023 440,1033 489,1071 668,1040 823,1055 800,1012 722,1028 640,1004 600,1028 460,979 185,1004 120,952 74,978"/>
                <Baseline points="81,1002 106,1002 131,1006 155,1007 180,1011 204,1014 229,1014 254,1016 278,1017 303,1019 327,1020 352,1020 376,1022 401,1022 426,1027 450,1029 475,1029 499,1030 524,1034 548,1037 573,1037 598,1037 622,1038 647,1038 671,1038 696,1040 721,1042 745,1043 770,1045 794,1045 819,1043 825,1042"/>
                <Word id="tr_1_tl_1_w1" custom="readingOrder {index:0;}">
                    <Coords points="70,964 70,1024 172,1024 172,964"/>
                    <TextEquiv>
                        <Unicode>kühle</Unicode>
                    </TextEquiv>
                </Word>
                <Word id="tr_1_tl_1_w2" custom="readingOrder {index:1;}">
                    <Coords points="197,974 197,1034 257,1034 257,974"/>
                    <TextEquiv>
                        <Unicode>und</Unicode>
                    </TextEquiv>
                </Word>
                <Word id="tr_1_tl_1_w3" custom="readingOrder {index:2;}">
                    <Coords points="281,980 281,1040 390,1040 390,980"/>
                    <TextEquiv>
                        <Unicode>ſtacke</Unicode>
                    </TextEquiv>
                </Word>
                <Word id="tr_1_tl_1_w4" custom="readingOrder {index:3;}">
                    <Coords points="411,988 411,1048 478,1048 478,988"/>
                    <TextEquiv>
                        <Unicode>huft</Unicode>
                    </TextEquiv>
                </Word>
                <Word id="tr_1_tl_1_w5" custom="readingOrder {index:4;}">
                    <Coords points="513,997 513,1057 587,1057 587,997"/>
                    <TextEquiv>
                        <Unicode>hier</Unicode>
                    </TextEquiv>
                </Word>
                <Word id="tr_1_tl_1_w6" custom="readingOrder {index:5;}">
                    <Coords points="622,1001 622,1061 804,1061 804,1001"/>
                    <TextEquiv>
                        <Unicode>bekommt</Unicode>
                    </TextEquiv>
                </Word>
                <TextEquiv>
                    <Unicode>kühle und ſtarke Luft hier bekommt</Unicode>
                </TextEquiv>
            </TextLine>
            <TextLine id="tr_1_tl_2" custom="readingOrder {index:1;}">
                <Coords points="75,1063 187,1102 290,1077 479,1093 540,1129 650,1097 757,1112 767,1082 566,1060 523,1085 440,1033 387,1071 74,1040"/>
                <Baseline points="81,1055 106,1061 131,1065 155,1066 180,1070 204,1073 229,1075 254,1076 278,1076 303,1078 327,1079 352,1083 376,1083 401,1084 426,1088 450,1089 475,1091 499,1093 524,1093 548,1094 573,1096 598,1096 622,1096 647,1096 671,1096 696,1097 721,1099 745,1101 770,1102"/>
                <Word id="tr_1_tl_2_w1" custom="readingOrder {index:0;}">
                    <Coords points="69,1022 69,1082 157,1082 157,1022"/>
                    <TextEquiv>
                        <Unicode>mir</Unicode>
                    </TextEquiv>
                </Word>
                <Word id="tr_1_tl_2_w2" custom="readingOrder {index:1;}">
                    <Coords points="196,1035 196,1095 287,1095 287,1035"/>
                    <TextEquiv>
                        <Unicode>gut;</Unicode>
                    </TextEquiv>
                </Word>
                <Word id="tr_1_tl_2_w3" custom="readingOrder {index:2;}">
                    <Coords points="323,1042 323,1102 375,1102 375,1042"/>
                    <TextEquiv>
                        <Unicode>die</Unicode>
                    </TextEquiv>
                </Word>
                <Word id="tr_1_tl_2_w4" custom="readingOrder {index:3;}">
                    <Coords points="402,1049 402,1109 518,1109 518,1049"/>
                    <TextEquiv>
                        <Unicode>trben</Unicode>
                    </TextEquiv>
                </Word>
                <Word id="tr_1_tl_2_w5" custom="readingOrder {index:4;}">
                    <Coords points="546,1056 546,1116 750,1116 750,1056"/>
                    <TextEquiv>
                        <Unicode>Gedanken</Unicode>
                    </TextEquiv>
                </Word>
                <TextEquiv>
                    <Unicode>mir gut; die trüben Gedanken</Unicode>
                </TextEquiv>
            </TextLine>
            <TextLine id="tr_1_tl_3" custom="readingOrder {index:2;}">
                <Coords points="76,1128 239,1183 320,1145 440,1149 516,1192 591,1173 643,1205 702,1166 768,1207 882,1198 877,1131 840,1120 492,1143 380,1098 233,1115 73,1083"/>
                <Baseline points="81,1116 106,1119 131,1122 155,1124 180,1127 204,1129 229,1132 254,1135 278,1138 303,1140 327,1142 352,1143 376,1143 401,1147 426,1147 450,1148 475,1150 499,1153 524,1155 548,1156 573,1156 598,1161 622,1161 647,1161 671,1163 696,1163 721,1166 745,1170 770,1171 794,1176 819,1179 843,1186 868,1188 884,1188"/>
                <Word id="tr_1_tl_3_w1" custom="readingOrder {index:0;}">
                    <Coords points="71,1085 71,1145 258,1145 258,1085"/>
                    <TextEquiv>
                        <Unicode>vermag</Unicode>
                    </TextEquiv>
                </Word>
                <Word id="tr_1_tl_3_w2" custom="readingOrder {index:1;}">
                    <Coords points="275,1101 275,1161 373,1161 373,1101"/>
                    <TextEquiv>
                        <Unicode>freilich</Unicode>
                    </TextEquiv>
                </Word>
                <Word id="tr_1_tl_3_w3" custom="readingOrder {index:2;}">
                    <Coords points="390,1107 390,1167 487,1167 487,1107"/>
                    <TextEquiv>
                        <Unicode>keine</Unicode>
                    </TextEquiv>
                </Word>
                <Word id="tr_1_tl_3_w4" custom="readingOrder {index:3;}">
                    <Coords points="508,1115 508,1175 572,1175 572,1115"/>
                    <TextEquiv>
                        <Unicode>noch</Unicode>
                    </TextEquiv>
                </Word>
                <Word id="tr_1_tl_3_w5" custom="readingOrder {index:4;}">
                    <Coords points="594,1121 594,1181 619,1181 619,1121"/>
                    <TextEquiv>
                        <Unicode>ſo</Unicode>
                    </TextEquiv>
                </Word>
                <Word id="tr_1_tl_3_w6" custom="readingOrder {index:5;}">
                    <Coords points="636,1123 636,1183 713,1183 713,1123"/>
                    <TextEquiv>
                        <Unicode>kühle</Unicode>
                    </TextEquiv>
                </Word>
                <Word id="tr_1_tl_3_w7" custom="readingOrder {index:6;}">
                    <Coords points="743,1132 743,1192 815,1192 815,1132"/>
                    <TextEquiv>
                        <Unicode>Luft</Unicode>
                    </TextEquiv>
                </Word>
                <Word id="tr_1_tl_3_w8" custom="readingOrder {index:7;}">
                    <Coords points="828,1146 828,1206 861,1206 861,1146"/>
                    <TextEquiv>
                        <Unicode>zu</Unicode>
                    </TextEquiv>
                </Word>
                <TextEquiv>
                    <Unicode>vermag freilich keine noch ſo kühle Luft zu</Unicode>
                </TextEquiv>
            </TextLine>
            <TextLine id="tr_1_tl_4" custom="readingOrder {index:3;}">
                <Coords points="85,1189 225,1197 295,1245 406,1224 577,1262 649,1234 850,1247 734,1209 397,1186 334,1148 243,1185 118,1148 84,1170"/>
                <Baseline points="91,1186 116,1188 140,1189 165,1191 190,1193 214,1196 239,1197 263,1199 288,1201 313,1204 337,1204 362,1207 386,1211 411,1212 435,1214 460,1215 485,1219 509,1220 534,1224 558,1225 583,1230 607,1230 632,1230 657,1232 681,1234 706,1234 730,1234 755,1237 780,1238 804,1240 829,1243 853,1245"/>
                <Word id="tr_1_tl_4_w1" custom="readingOrder {index:0;}">
                    <Coords points="90,1152 90,1212 270,1212 270,1152"/>
                    <TextEquiv>
                        <Unicode>danen.</Unicode>
                    </TextEquiv>
                </Word>
                <Word id="tr_1_tl_4_w2" custom="readingOrder {index:1;}">
                    <Coords points="294,1164 294,1224 352,1224 352,1164"/>
                    <TextEquiv>
                        <Unicode>Ich</Unicode>
                    </TextEquiv>
                </Word>
                <Word id="tr_1_tl_4_w3" custom="readingOrder {index:2;}">
                    <Coords points="368,1172 368,1232 458,1232 458,1172"/>
                    <TextEquiv>
                        <Unicode>hatte</Unicode>
                    </TextEquiv>
                </Word>
                <Word id="tr_1_tl_4_w4" custom="readingOrder {index:3;}">
                    <Coords points="474,1184 474,1244 622,1244 622,1184"/>
                    <TextEquiv>
                        <Unicode>gefiht,</Unicode>
                    </TextEquiv>
                </Word>
                <Word id="tr_1_tl_4_w5" custom="readingOrder {index:4;}">
                    <Coords points="638,1193 638,1253 712,1253 712,1193"/>
                    <TextEquiv>
                        <Unicode>hier</Unicode>
                    </TextEquiv>
                </Word>
                <Word id="tr_1_tl_4_w6" custom="readingOrder {index:5;}">
                    <Coords points="768,1199 768,1259 818,1259 818,1199"/>
                    <TextEquiv>
                        <Unicode>vi</Unicode>
                    </TextEquiv>
                </Word>
                <TextEquiv>
                    <Unicode>bannen. Ich hatte gehofft, hier ein</Unicode>
                </TextEquiv>
            </TextLine>
            <TextLine id="tr_1_tl_5" custom="readingOrder {index:4;} place {offset:11; length:4;}">
                <Coords points="61,1284 465,1284 681,1340 845,1321 852,1284 733,1262 685,1295 212,1216 57,1232"/>
                <Baseline points="65,1258 90,1260 114,1261 139,1263 163,1263 188,1263 213,1263 237,1265 262,1266 286,1268 311,1270 335,1273 360,1276 385,1276 409,1278 434,1279 458,1283 483,1284 508,1288 532,1289 557,1291 581,1293 606,1296 630,1297 655,1299 680,1302 704,1304 729,1304 753,1306 778,1307 803,1311 827,1312 852,1314 857,1314"/>
                <Word id="tr_1_tl_5_w1" custom="readingOrder {index:0;}">
                    <Coords points="52,1221 52,1281 176,1281 176,1221"/>
                    <TextEquiv>
                        <Unicode>paar</Unicode>
                    </TextEquiv>
                </Word>
                <Word id="tr_1_tl_5_w2" custom="readingOrder {index:1;}">
                    <Coords points="188,1224 188,1284 266,1284 266,1224"/>
                    <TextEquiv>
                        <Unicode>liebe</Unicode>
                    </TextEquiv>
                </Word>
                <Word id="tr_1_tl_5_w3" custom="readingOrder {index:2;}">
                    <Coords points="303,1236 303,1296 462,1296 462,1236"/>
                    <TextEquiv>
                        <Unicode>Wiener</Unicode>
                    </TextEquiv>
                </Word>
                <Word id="tr_1_tl_5_w4" custom="readingOrder {index:3;}">
                    <Coords points="486,1250 486,1310 622,1310 622,1250"/>
                    <TextEquiv>
                        <Unicode>Mädeln</Unicode>
                    </TextEquiv>
                </Word>
                <Word id="tr_1_tl_5_w5" custom="readingOrder {index:4;}">
                    <Coords points="637,1258 637,1318 670,1318 670,1258"/>
                    <TextEquiv>
                        <Unicode>zu</Unicode>
                    </TextEquiv>
                </Word>
                <Word id="tr_1_tl_5_w6" custom="readingOrder {index:5;}">
                    <Coords points="698,1266 698,1326 854,1326 854,1266"/>
                    <TextEquiv>
                        <Unicode>finden.</Unicode>
                    </TextEquiv>
                </Word>
                <TextEquiv>
                    <Unicode>paar liebe Wiener Mädeln zu finden.</Unicode>
                </TextEquiv>
            </TextLine>
            <TextLine id="tr_1_tl_6" custom="readingOrder {index:5;}">
                <Coords points="73,1337 171,1334 218,1370 365,1345 447,1372 863,1382 860,1348 740,1327 702,1350 387,1298 320,1313 256,1282 183,1317 70,1300"/>
                <Baseline points="77,1319 101,1324 126,1327 150,1330 175,1332 199,1332 224,1332 249,1333 273,1332 298,1333 322,1333 347,1337 372,1337 396,1338 421,1342 445,1347 470,1348 494,1352 519,1355 544,1356 568,1356 593,1356 617,1358 642,1358 666,1361 691,1363 716,1365 740,1366 765,1368 789,1370 814,1373 839,1376 863,1379 865,1379"/>
                <Word id="tr_1_tl_6_w1" custom="readingOrder {index:0;}">
                    <Coords points="66,1285 66,1345 169,1345 169,1285"/>
                    <TextEquiv>
                        <Unicode>Aber</Unicode>
                    </TextEquiv>
                </Word>
                <Word id="tr_1_tl_6_w2" custom="readingOrder {index:1;}">
                    <Coords points="186,1292 186,1352 215,1352 215,1292"/>
                    <TextEquiv>
                        <Unicode>es</Unicode>
                    </TextEquiv>
                </Word>
                <Word id="tr_1_tl_6_w3" custom="readingOrder {index:2;}">
                    <Coords points="234,1292 234,1352 270,1352 270,1292"/>
                    <TextEquiv>
                        <Unicode>iſt</Unicode>
                    </TextEquiv>
                </Word>
                <Word id="tr_1_tl_6_w4" custom="readingOrder {index:3;}">
                    <Coords points="286,1293 286,1353 367,1353 367,1293"/>
                    <TextEquiv>
                        <Unicode>nichts</Unicode>
                    </TextEquiv>
                </Word>
                <Word id="tr_1_tl_6_w5" custom="readingOrder {index:4;}">
                    <Coords points="402,1311 402,1371 577,1371 577,1311"/>
                    <TextEquiv>
                        <Unicode>vorhanden</Unicode>
                    </TextEquiv>
                </Word>
                <Word id="tr_1_tl_6_w6" custom="readingOrder {index:5;}">
                    <Coords points="591,1317 591,1377 636,1377 636,1317"/>
                    <TextEquiv>
                        <Unicode>als</Unicode>
                    </TextEquiv>
                </Word>
                <Word id="tr_1_tl_6_w7" custom="readingOrder {index:6;}">
                    <Coords points="649,1321 649,1381 688,1381 688,1321"/>
                    <TextEquiv>
                        <Unicode>die</Unicode>
                    </TextEquiv>
                </Word>
                <Word id="tr_1_tl_6_w8" custom="readingOrder {index:7;}">
                    <Coords points="704,1329 704,1389 856,1389 856,1329"/>
                    <TextEquiv>
                        <Unicode>Familig</Unicode>
                    </TextEquiv>
                </Word>
                <TextEquiv>
                    <Unicode>Aber es iſt nichts vorhanden als die Familie</Unicode>
                </TextEquiv>
            </TextLine>
            <TextEquiv>
                <Unicode>kühle und ſtarke Luft hier bekommt
mir gut; die trüben Gedanken
vermag freilich keine noch ſo kühle Luft zu
bannen. Ich hatte gehofft, hier ein
paar liebe Wiener Mädeln zu finden.
Aber es iſt nichts vorhanden als die Familie</Unicode>
            </TextEquiv>
        </TextRegion>
    </Page>
</PcGts>
