3739 4578
1390 449 1961 509 Frankhurt
2118 486 2247 546 5.
2291 499 2569 559 Marz

915 810 1292 870 Mein
1398 846 1707 906 lieber
1783 862 2205 922 Freud

522 1197 777 1257 Ich
847 1215 1235 1275 komme
1287 1231 1429 1291 aus
1535 1248 1843 1308 Paris
1896 1267 2248 1327 zurück
2380 1289 2565 1349 und
2671 1302 2829 1362 höre
2917 1318 3182 1378 hier,
3208 1329 3331 1389 daß

516 1360 636 1420 Du
744 1364 897 1424 mit
986 1375 1297 1435 Deinen
1411 1392 1582 1452 drer
1696 1415 2216 1475 Einaktern
2324 1438 2711 1498 wieder
2864 1446 3149 1506 einen

544 1515 852 1575 troßen
926 1532 1093 1592 und
1206 1552 1541 1612 ſchönen
1625 1572 1858 1632 Erfolg
1951 1589 2278 1649 gehabt.
2344 1600 2427 1660 ch
2483 1607 2707 1667 frem
2819 1616 3005 1676 mich
3061 1621 3387 1681 darüber

520 1659 690 1719 gon
743 1681 1068 1741 Herzen
1153 1703 1291 1763 und
1376 1728 2114 1788 beglückwünſche
2183 1748 2328 1808 Dich
2398 1756 2568 1816 aufs
2706 1771 3246 1831 Wärnſte.

475 1841 942 1901 Geleſen
998 1862 1152 1922 habe
1216 1872 1296 1932 ich
1402 1882 1595 1942 noch
1708 1892 1958 1952 keine
2023 1904 2410 1964 Kritik,
2498 1914 2692 1974 aber
2764 1922 2845 1982 ich
2925 1932 3191 1992 denke

489 2001 595 2061 ich
673 2017 879 2077 finde
936 2031 1007 2091 Du
1092 2045 1440 2105 Wiener
1604 2066 1930 2126 Blätter
2072 2081 2414 2141 morgen
2477 2087 2648 2147 hier
2740 2092 2854 2152 im
2953 2098 3330 2158 Büreau

444 2166 667 2226 Dei
764 2179 1155 2239 »Grünen
1263 2201 1716 2261 Kakardi«
1822 2218 1965 2278 las
2054 2225 2126 2285 ich
2205 2233 2401 2293 noch
2499 2240 2659 2300 auf
2731 2244 2855 2304 der
2962 2245 3202 2305 Reiſe

447 2306 679 2366 von
759 2321 1019 2381 Wier
1144 2339 1359 2399 nach
1439 2364 2056 2424 Frackhurt,
2119 2385 2279 2445 Eir
2360 2404 2968 2464 vortreffliches
3030 2420 3361 2480 Stück.

405 2451 624 2511 Da
740 2476 816 2536 ich
892 2490 1076 2550 aber
1158 2507 1439 2567 etwas
1569 2520 1782 2580 ganz
1857 2533 2405 2593 Vollendetes
2536 2563 3132 2623 erwartete,
3159 2595 3289 2655 hat

425 2618 574 2678 es
645 2631 834 2691 mich
925 2643 1095 2703 doch
1154 2651 1344 2711 auch
1414 2658 1574 2718 ein
1673 2665 2004 2725 wenig
2093 2679 2612 2739 enttäuſcht
2703 2700 2832 2760 Ich
2943 2727 3292 2787 erhoffte

423 2778 1098 2838 Revolution
1171 2791 1326 2851 und
1406 2809 2192 2869 Baſtillenſturen,
2266 2833 2464 2893 fand
2515 2847 2721 2907 aber
2794 2871 3124 2931 zuletzt

404 2908 656 2968 doch
732 2914 901 2974 nur
1023 2927 1375 2987 wieder
1490 2943 1681 3003 eine
1803 2971 2500 3031 Liebesgeſchichte
2599 2992 2775 3052 mit
2882 3002 3241 3062 einen

451 3086 1286 3146 Theatermädel.
1356 3107 1838 3167 Anderſerts
1924 3122 2020 3182 iſt
2131 3129 2278 3189 es,
2312 3137 2622 3197 glaube
2701 3142 2769 3202 ich
2925 3142 3011 3202 in
3096 3139 3226 3199 der

412 3248 1063 3308 Ausführung
1133 3262 1372 3322 eines
1477 3269 1792 3329 Deiner
1918 3276 2275 3336 beſten
2374 3285 2702 3345 Stücke
2829 3297 3025 3357 und

421 3401 921 3461 bedeutet
990 3410 1163 3470 doch
1239 3415 1399 3475 an
1530 3418 1725 3478 auch
1807 3421 2112 3481 einen
2238 3429 2869 3489 gewoltigen
2938 3445 3257 3505 Schritt

407 3553 688 3613 nach
780 3577 1227 3637 vorwäts
1422 3589 2329 3649 vondodraaart
2450 3589 2605 3649 von
2697 3594 3127 3654 Deinem

460 3716 854 3776 altem
930 3726 1063 3786 Ton
1148 3730 1316 3790 und
1441 3734 1794 3794 Deinen
1844 3738 2104 3798 alten
2222 3741 2531 3801 Roffen
2598 3746 2666 3806 zu
2791 3753 3127 3813 irgend

459 3899 866 3959 ewas
939 3915 1427 3975 Neuem,
1492 3924 1653 3984 das
1725 3928 1864 3988 ſehr
1936 3932 2140 3992 ſchön
2242 3940 2636 4000 werden
2723 3948 2992 4008 wird
