3986 5870
571 816 856 876 ſei
962 808 1058 868 es
1129 806 1390 866 auch
1533 806 1782 866 nir
1937 808 2174 868 eine
2294 812 3006 872 Poſttarte.
3077 807 3351 867 Und

515 1017 976 1077 wenn
1067 1023 1187 1083 Du
1317 1024 1407 1084 zu
1558 1020 1950 1080 Deiner
2060 1017 2592 1077 Première
2672 1020 2854 1080 am
2974 1040 3636 1100 Samſtagn

572 1221 891 1281 nach
996 1247 1374 1307 Berlin
1457 1256 1799 1316 gehſt,
1917 1255 1987 1315 ſo
2095 1251 2343 1311 Äitte
2484 1246 2613 1306 ich
2732 1242 2945 1302 Dich
3086 1244 3428 1304 recht,

544 1456 888 1516 recht
996 1460 1438 1520 herzlich
1620 1462 1847 1522 auf
1954 1462 2202 1522 dem
2342 1461 3095 1521 Hinwege
3204 1460 3483 1520 oder

629 1680 1448 1740 Rückwege
1528 1685 1734 1745 am
1911 1679 2152 1739 über
2348 1670 3042 1730 Frankfurt
3168 1679 3292 1739 zu

537 1890 1420 1950 kommen.
1477 1890 1738 1950 Laß’
1771 1888 1942 1948 Dich
2021 1888 2124 1948 die
2326 1890 3166 1950 Eiſenbehnfahrt
3211 1892 3483 1952 nicht

630 2106 1591 2166 verdrießen!
1855 2110 2027 2170 Du
2190 2110 2580 2170 wirſt
2681 2110 2916 2170 Dich
3071 2112 3316 2172 hier

511 2314 1184 2374 ausruhen
1320 2319 1562 2379 und
1783 2322 2350 2382 erhoben.
2445 2324 2939 2384 Wohnen
3012 2327 3475 2387 kannſt

530 2533 793 2593 Du
935 2536 1172 2596 nicht
1242 2538 1428 2598 bei
1603 2536 1850 2596 mir
2043 2536 2299 2596 aber
2395 2536 2590 2596 alle
2713 2545 3522 2605 Mahlzeiten

563 2751 1225 2811 nimmſt
1333 2759 1462 2819 Du
1689 2764 2875 2824 ſelbſtverſtändlich
3034 2758 3271 2818 mit

562 2966 657 3026 a
1074 2974 1321 3034 nir
1577 2974 1938 3034 ein.
2109 2971 2393 3031 Auch
2507 2972 2640 3032 die
2744 2977 3485 3037 Meinigen

489 3202 1098 3262 würden
1207 3192 1382 3252 ſich
1556 3190 1763 3250 Alle
1883 3188 2112 3248 ſehr
2231 3190 2459 3250 mit
2623 3194 2830 3254 Dir
3026 3205 3581 3265 freuen.

670 3393 1193 3453 Bitte,
1258 3403 1847 3463 konm!

1455 3840 1873 3900 Viele
1940 3836 2360 3896 treue
2461 3844 3015 3904 Grüße,

2422 4110 2818 4170 Dein

2186 4499 2605 4559 Paul
2729 4491 3565 4551 Goldmann

502 4678 858 4738 Wir
943 4689 1215 4749 leſen
1289 4693 1499 4753 hier
1625 4697 1772 4757 die
1846 4702 2486 4762 »Fäckel«
2611 4704 2822 4764 Ein
2916 4705 3389 4765 ſchönes

511 4864 1237 4924 Sullett.
1278 4876 1486 4936 Aber
1736 4884 1942 4944 mit
2047 4889 2441 4949 Jalers
2588 4902 3085 4962 Barer
3126 4920 3437 4980 hat,

539 5074 710 5134 er
837 5094 1138 5154 Recht
