3743 4561
291 424 425 484 da
520 441 607 501 Du
713 454 838 514 ihn
933 464 1011 524 ja
1088 473 1279 533 ſein
1376 485 1722 545 ganzes
1827 497 2260 557 Honorar
2385 509 2548 569 das
2625 516 2731 576 es
2808 525 2999 585 aus
3087 541 3249 601 den

323 612 943 672 autiemen
1004 628 1141 688 der
1257 642 1938 702 Auffürhrungen
2014 651 2451 711 Oeſtritten
2574 662 2949 722 werden
3010 676 3255 736 ſollte

321 754 539 814 als
601 775 944 835 Vorſchiß
1070 788 1412 848 gezahlt
1486 794 1703 854 haſt.
1745 797 1912 857 Nich
1984 799 2140 859 den
2203 812 2785 872 »Kokadu«
2847 840 3190 900 ſolltiſt

327 894 481 954 Du
575 919 713 979 ihm
825 934 894 994 zu
1057 949 1547 1009 überſetzen
1660 953 1978 1013 geben.
2055 955 2124 1015 Er
2193 956 2296 1016 iſt
2347 960 2477 1020 als
2546 979 3079 1039 Überſetzer

354 1078 471 1138 ſo
541 1091 886 1151 ſchlecht,
933 1100 1105 1160 wir
1176 1105 1341 1165 alle
1450 1112 1857 1172 Andern,
1990 1116 2123 1176 hat
2232 1117 2421 1177 aber
2530 1122 2687 1182 doch
2773 1127 3125 1187 werig
3248 1211 3418 1271 ktens

379 1237 1486 1297 Verbindlungen...

626 1350 808 1410 Ich
866 1368 1098 1428 erlebe
1190 1385 1471 1445 nichts,
1496 1397 1670 1457 was
1745 1406 1927 1466 mich
2002 1419 2343 1479 glücklich
2458 1436 2599 1496 und
2682 1460 3196 1520 urglücklich

376 1462 763 1522 zugliig
827 1490 1093 1550 napht,
1151 1513 1567 1573 ſondem.
1624 1528 1697 1588 Es
1761 1536 2027 1596 würde
2120 1547 2221 1607 ein
2307 1557 2558 1617 großes
2644 1569 2859 1629 Glück
2974 1582 3147 1642 ſern

368 1597 614 1657 aber
669 1608 682 1668 i
799 1619 984 1679 karen
1034 1626 1077 1686 es
1157 1634 1317 1694 nicht
1423 1648 1756 1708 erleben.
1860 1666 2113 1726 Siehſt
2187 1682 2372 1742 Du:
2459 1716 3001 1776 Verlderen¬

305 1723 559 1783 durch
611 1739 739 1799 das
791 1755 1086 1815 Sciktal
1202 1777 1612 1837 verlieren
1745 1794 1902 1854 wie
1971 1802 2029 1862 es
2098 1810 2272 1870 Dein
2393 1823 2562 1883 Loos
2648 1841 2920 1901 war,
3018 1861 3111 1921 iſt

381 1882 960 1942 Jurchtbar.
997 1907 1171 1967 Aber
1236 1919 1411 1979 nicht
1484 1931 1660 1991 gt
1751 1947 2064 2007 beſitzen
2138 1967 2588 2027 bonen,
2625 1982 2818 2042 durch
2891 1999 3223 2059 ergene

329 2013 646 2073 Schuld
724 2029 887 2089 ncht
972 2048 1267 2108 beſitzen
1352 2073 1755 2133 Bouuu,
1779 2092 1872 2152 iſt
1933 2112 2375 2172 ertſetzlich
2476 2136 2639 2196 und
2740 2156 3089 2216 zurden

312 2148 611 2208 wird
697 2165 910 2225 man
1058 2182 1169 2242 ſich
1263 2199 1491 2259 ſelbſt
1657 2231 2120 2291 vyrächtlich
2254 2255 2412 2315 und
2514 2268 2734 2328 zum
2836 2277 3134 2337 Ekel.

1475 2271 1781 2331 ſchreiben

272 2255 440 2315 das
476 2281 645 2341 lüßt
716 2304 837 2364 iich
909 2327 1114 2387 Alles
1198 2350 1366 2410 ncht
1462 2377 1943 2437 X,
2003 2395 2100 2455 ich
2148 2403 2365 2463 ſehen
2449 2411 2617 2471 und
2749 2418 3039 2478 darah
3147 2422 3242 2482 es

299 2417 477 2477 Dir
585 2442 663 2502 zu
779 2472 1151 2532 erzählen

604 2596 946 2656 Bitte,
987 2629 1266 2689 ſchreib’
1329 2646 1481 2706 mir
1593 2658 1760 2718 bald
1872 2670 2262 2730 wieder,
2373 2680 2555 2740 wie
2617 2687 2687 2747 es
2792 2695 2917 2755 Dir
2993 2710 3223 2770 geht.

346 2729 670 2789 Theile
755 2742 931 2802 mir
1016 2753 1193 2813 auch
1298 2775 1814 2835 fremedlichſt
1884 2794 2005 2854 die
2110 2808 2435 2868 Adreſſe
2478 2818 2605 2878 das
2682 2827 2922 2887 Herrn
2993 2834 3134 2894 von

370 2895 1238 2955 Hoffmannsthal
1303 2932 1520 2992 mit,
1535 2938 1680 2998 dem
1738 2942 1817 3002 ich
1912 2948 2136 3008 men
2252 2957 2418 3017 Buch
2483 2971 2794 3031 ſhicken
2867 3003 3236 3063 wochte,

357 3022 664 3082 Was
726 3057 985 3117 nnct
1074 3089 1580 3149 Richard?.
1641 3103 1743 3163 Ich
1805 3108 1969 3168 höre
2030 3119 2447 3179 natürlich
2515 3135 2713 3195 kein
2803 3155 3021 3215 Wort
3069 3175 3198 3235 von
3236 3230 3379 3290 Im¬

682 3214 967 3274 Was
1024 3241 1219 3301 ſert
1276 3256 1378 3316 ihr
1470 3269 1630 3329 zur
1709 3291 2280 3351 »Frchue«?
2372 3316 2521 3376 Der
2623 3338 2898 3398 durſch
3000 3374 3217 3434 hat,

374 3353 838 3413 volert.
875 3400 1191 3460 Schrie
1264 3424 1451 3484 nr
1562 3441 1693 3501 daß
1767 3451 1859 3511 er
1970 3463 2120 3523 ein
2193 3482 2491 3542 ſolher
2601 3522 3067 3582 Frurhie
3141 3570 3307 3630 iſt.

338 3515 594 3575 Den
670 3548 850 3608 das
926 3592 1672 3652 Aebeiſungs.
1723 3628 2083 3688 Vral,
2134 3647 2289 3707 das
2340 3661 2441 3721 er
2545 3693 2931 3753 noteor
3032 3745 3263 3805 wach

324 3678 503 3738 it
581 3720 1171 3780 verdienflach,
1249 3755 1313 3815 Er
1377 3772 1570 3832 ſegt
1648 3803 2020 3863 Beffliche
2098 3833 2355 3893 Wate
2419 3860 2714 3920 gegen
2792 3891 3189 3951 Bouer.

338 3851 700 3911 Lerze,
731 3887 1033 3947 Dahr,
1063 3925 1562 3985 narrctich
1621 3964 1712 4024 iht
1780 3988 2000 4048 igen
2085 4005 2199 4065 die
2257 4028 2582 4088 »Neiee
2638 4060 2877 4120 Freie
2963 4094 3211 4154 Preſſe

364 4031 597 4091 und
664 4054 733 4114 es
781 4068 878 4128 iſt
937 4085 1072 4145 das
1160 4120 1597 4180 Traurige
1655 4146 1772 4206 an
1839 4161 1985 4221 den
2093 4184 2481 4244 jetzigen
2568 4199 2704 4259 Wu
