1207 1436
61 220 315 280 Schucke,
333 227 404 287 der
457 231 681 291 Arthurf
723 233 882 293 bitte,
899 236 924 296 d

72 311 263 371 ſagen
299 312 380 372 Sie
423 314 470 374 es
497 314 602 374 ihm
642 318 665 378 M
813 312 938 372 nicht

74 391 192 451 daß
243 395 286 455 ich
310 394 376 454 ihn
435 396 662 456 Schurke
706 398 996 458 genannt

58 484 230 544 habe,
261 480 388 540 will
420 478 528 538 nach
555 479 641 539 der
686 490 957 550 Schweiz

72 575 302 635 gehen.
316 570 362 630 So
398 570 547 630 macht
578 574 628 634 er
664 577 710 637 es
752 578 891 638 mir

61 645 112 705 u
164 647 412 707 nmöglich
468 650 572 710 mit
636 650 897 710 Ihnen

59 740 813 800 zuſammenzukommen.
852 742 926 802 Ich

76 828 260 888 glaube
312 832 359 892 er
397 832 511 892 thut
548 831 596 891 es
634 835 959 895 abſichtlich.

60 937 150 997 Er
179 931 314 991 will
359 928 508 988 beide
552 935 971 995 Schweſtern,

79 1031 260 1091 ganz
283 1026 388 1086 für
424 1020 508 1080 ſich
543 1022 698 1082 haben
764 1023 914 1083 und

98 1127 307 1187 gönnt
339 1116 414 1176 ſie
465 1114 823 1174 Keinenm.
865 1135 925 1195 Er

71 1220 229 1280 wer
256 1218 456 1278 immer
498 1227 553 1287 ſo
608 1230 698 1290 ein
718 1250 1042 1310 Intignaut
