<?xml version="1.0" encoding="UTF-8" standalone="yes"?>
<PcGts xmlns="http://schema.primaresearch.org/PAGE/gts/pagecontent/2013-07-15" xmlns:xsi="http://www.w3.org/2001/XMLSchema-instance" xsi:schemaLocation="http://schema.primaresearch.org/PAGE/gts/pagecontent/2013-07-15 http://schema.primaresearch.org/PAGE/gts/pagecontent/2013-07-15/pagecontent.xsd">
    <Metadata>
        <Creator>prov=READ-COOP:name=PyLaia@TranskribusPlatform:version=0.8.6:model_id=45551:lm=none:date=19_12_2022_15:46</Creator>
        <Created>2022-03-31T12:07:55.827+02:00</Created>
        <LastChange>2022-12-20T17:32:28.781+01:00</LastChange>
        <TranskribusMetadata docId="958781" pageId="37204208" pageNr="38" tsid="107045320" status="IN_PROGRESS" userId="64420" imgUrl="https://files.transkribus.eu/Get?id=ZSQWYVQSVZMYNGGPWBAYUQBZ&amp;fileType=view" xmlUrl="https://files.transkribus.eu/Get?id=EDVYPHNDANRYNQRFIYHAMTYH" imageId="30004380"/>
    </Metadata>
    <Page imageFilename="DLA_69_00041 HS.NZ85.1.3169_0024-1.jpg" imageWidth="3970" imageHeight="5854">
        <ReadingOrder>
            <OrderedGroup id="ro_1673273735368" caption="Regions reading order">
                <RegionRefIndexed index="0" regionRef="r1"/>
            </OrderedGroup>
        </ReadingOrder>
        <TextRegion orientation="0.0" id="r1" custom="readingOrder {index:0;}">
            <Coords points="510,749 510,5210 3714,5210 3714,749"/>
            <TextLine id="line_1671553741434_257" custom="readingOrder {index:0;} date {offset:12; length:6;} add {offset:26; length:6;}">
                <Coords points="540,641 1777,604 3208,647 3608,678 3605,882 2807,928 1817,950 538,888"/>
                <Baseline points="560,794 686,796 813,797 939,798 1066,800 1192,800 1319,802 1445,802 1572,804 1698,804 1825,806 1951,806 2078,808 2204,808 2331,810 2457,812 2584,812 2710,814 2837,814 2963,816 3090,818 3056,770 3082,775 3109,780 3135,784 3162,786 3188,788 3215,790 3241,790 3268,790 3294,790 3321,790 3347,790 3374,789 3400,788 3427,788 3453,788 3480,788 3506,788 3533,788 3559,789 3586,792"/>
                <Word id="r1l1_w1" custom="readingOrder {index:0;}">
                    <Coords points="3040,750 3040,810 3478,810 3478,750"/>
                    <TextEquiv>
                        <Unicode>Urlaub</Unicode>
                    </TextEquiv>
                </Word>
                <Word id="r1l2_w1" custom="readingOrder {index:1;}">
                    <Coords points="552,756 552,816 1033,816 1033,756"/>
                    <TextEquiv>
                        <Unicode>Kann</Unicode>
                    </TextEquiv>
                </Word>
                <Word id="r1l2_w2" custom="readingOrder {index:2;}">
                    <Coords points="1095,760 1095,820 1206,820 1206,760"/>
                    <TextEquiv>
                        <Unicode>ich</Unicode>
                    </TextEquiv>
                </Word>
                <Word id="r1l2_w3" custom="readingOrder {index:3;}">
                    <Coords points="1304,762 1304,822 1453,822 1453,762"/>
                    <TextEquiv>
                        <Unicode>im</Unicode>
                    </TextEquiv>
                </Word>
                <Word id="r1l2_w4" custom="readingOrder {index:4;}">
                    <Coords points="1576,766 1576,826 2083,826 2083,766"/>
                    <TextEquiv>
                        <Unicode>Auzuſt</Unicode>
                    </TextEquiv>
                </Word>
                <Word id="r1l2_w5" custom="readingOrder {index:5;}">
                    <Coords points="2293,772 2293,832 2911,832 2911,772"/>
                    <TextEquiv>
                        <Unicode>meiren</Unicode>
                    </TextEquiv>
                </Word>
                <TextEquiv>
                    <Unicode>Kann ich im Auguſt meinen Urlaub</Unicode>
                </TextEquiv>
            </TextLine>
            <TextLine id="r1l3" custom="readingOrder {index:1;} place {offset:31; length:7;}">
                <Coords points="573,1058 1385,1113 1704,1020 2508,1172 2681,1036 3670,1122 3671,957 3255,877 1390,972 959,824 746,953 573,905"/>
                <Baseline points="592,990 745,1002 898,1012 1051,1018 1204,1022 1357,1026 1510,1028 1663,1028 1816,1028 1969,1026 2122,1024 2275,1022 2428,1020 2581,1018 2734,1016 2887,1016 3040,1018 3193,1020 3346,1024 3499,1029 3652,1038"/>
                <Word id="r1l3_w1" custom="readingOrder {index:0;}">
                    <Coords points="586,973 586,1033 1283,1033 1283,973"/>
                    <TextEquiv>
                        <Unicode>anturten,</Unicode>
                    </TextEquiv>
                </Word>
                <Word id="r1l3_w2" custom="readingOrder {index:1;}">
                    <Coords points="1458,987 1458,1047 1539,1047 1539,987"/>
                    <TextEquiv>
                        <Unicode>ſo</Unicode>
                    </TextEquiv>
                </Word>
                <Word id="r1l3_w3" custom="readingOrder {index:2;}">
                    <Coords points="1666,987 1666,1047 1969,1047 1969,987"/>
                    <TextEquiv>
                        <Unicode>will</Unicode>
                    </TextEquiv>
                </Word>
                <Word id="r1l3_w4" custom="readingOrder {index:3;}">
                    <Coords points="2132,983 2132,1043 2260,1043 2260,983"/>
                    <TextEquiv>
                        <Unicode>ich</Unicode>
                    </TextEquiv>
                </Word>
                <Word id="r1l3_w5" custom="readingOrder {index:4;}">
                    <Coords points="2354,979 2354,1039 2621,1039 2621,979"/>
                    <TextEquiv>
                        <Unicode>nach</Unicode>
                    </TextEquiv>
                </Word>
                <Word id="r1l3_w6" custom="readingOrder {index:5;}">
                    <Coords points="2714,976 2714,1036 2889,1036 2889,976"/>
                    <TextEquiv>
                        <Unicode>der</Unicode>
                    </TextEquiv>
                </Word>
                <Word id="r1l3_w7" custom="readingOrder {index:6;}">
                    <Coords points="3086,983 3086,1043 3552,1043 3552,983"/>
                    <TextEquiv>
                        <Unicode>Schweiz</Unicode>
                    </TextEquiv>
                </Word>
                <TextEquiv>
                    <Unicode>antreten, ſo will ich nach der Schweiz</Unicode>
                </TextEquiv>
            </TextLine>
            <TextLine id="r1l4" custom="readingOrder {index:2;}">
                <Coords points="607,1285 3309,1298 3422,1286 3421,1094 2495,1185 2287,1111 1769,1173 1548,1068 1329,1187 606,1132"/>
                <Baseline points="628,1240 766,1238 905,1236 1044,1236 1183,1236 1322,1236 1460,1237 1599,1238 1738,1238 1877,1238 2016,1238 2154,1238 2293,1238 2432,1238 2571,1236 2710,1234 2848,1232 2987,1229 3126,1224 3265,1220 3404,1214"/>
                <Word id="r1l4_w1" custom="readingOrder {index:0;}">
                    <Coords points="616,1196 616,1256 1081,1256 1081,1196"/>
                    <TextEquiv>
                        <Unicode>gehen.</Unicode>
                    </TextEquiv>
                </Word>
                <Word id="r1l4_w2" custom="readingOrder {index:1;}">
                    <Coords points="1182,1196 1182,1256 1436,1256 1436,1196"/>
                    <TextEquiv>
                        <Unicode>Das</Unicode>
                    </TextEquiv>
                </Word>
                <Word id="r1l4_w3" custom="readingOrder {index:2;}">
                    <Coords points="1537,1197 1537,1257 1658,1257 1658,1197"/>
                    <TextEquiv>
                        <Unicode>iſt</Unicode>
                    </TextEquiv>
                </Word>
                <Word id="r1l4_w4" custom="readingOrder {index:3;}">
                    <Coords points="1759,1198 1759,1258 1952,1258 1952,1198"/>
                    <TextEquiv>
                        <Unicode>von</Unicode>
                    </TextEquiv>
                </Word>
                <Word id="r1l4_w5" custom="readingOrder {index:4;}">
                    <Coords points="2195,1198 2195,1258 2418,1258 2418,1198"/>
                    <TextEquiv>
                        <Unicode>hier</Unicode>
                    </TextEquiv>
                </Word>
                <Word id="r1l4_w6" custom="readingOrder {index:5;}">
                    <Coords points="2559,1194 2559,1254 2803,1254 2803,1194"/>
                    <TextEquiv>
                        <Unicode>aus</Unicode>
                    </TextEquiv>
                </Word>
                <Word id="r1l4_w7" custom="readingOrder {index:6;}">
                    <Coords points="2975,1185 2975,1245 3218,1245 3218,1185"/>
                    <TextEquiv>
                        <Unicode>das</Unicode>
                    </TextEquiv>
                </Word>
                <TextEquiv>
                    <Unicode>gehen. Das iſt von hier aus das</Unicode>
                </TextEquiv>
            </TextLine>
            <TextLine id="r1l5" custom="readingOrder {index:3;}">
                <Coords points="599,1498 1992,1555 2421,1458 2683,1581 2982,1480 3311,1611 3732,1487 3733,1330 3230,1406 2822,1263 2523,1404 2280,1316 2091,1402 600,1302"/>
                <Baseline points="620,1426 774,1433 929,1439 1084,1444 1238,1447 1393,1450 1548,1450 1702,1450 1857,1450 2012,1450 2167,1450 2321,1448 2476,1448 2631,1446 2785,1446 2940,1446 3095,1446 3249,1448 3404,1450 3559,1454 3714,1458"/>
                <Word id="r1l5_w1" custom="readingOrder {index:0;}">
                    <Coords points="614,1397 614,1457 1189,1457 1189,1397"/>
                    <TextEquiv>
                        <Unicode>Nächſte</Unicode>
                    </TextEquiv>
                </Word>
                <Word id="r1l5_w2" custom="readingOrder {index:1;}">
                    <Coords points="1290,1410 1290,1470 1508,1470 1508,1410"/>
                    <TextEquiv>
                        <Unicode>und</Unicode>
                    </TextEquiv>
                </Word>
                <Word id="r1l5_w3" custom="readingOrder {index:2;}">
                    <Coords points="1763,1410 1763,1470 2477,1470 2477,1410"/>
                    <TextEquiv>
                        <Unicode>Billigſte.</Unicode>
                    </TextEquiv>
                </Word>
                <Word id="r1l5_w4" custom="readingOrder {index:3;}">
                    <Coords points="2606,1406 2606,1466 2860,1466 2860,1406"/>
                    <TextEquiv>
                        <Unicode>Nuch</Unicode>
                    </TextEquiv>
                </Word>
                <Word id="r1l5_w5" custom="readingOrder {index:4;}">
                    <Coords points="2938,1406 2938,1466 3384,1466 3384,1406"/>
                    <TextEquiv>
                        <Unicode>brauhe</Unicode>
                    </TextEquiv>
                </Word>
                <Word id="r1l5_w6" custom="readingOrder {index:5;}">
                    <Coords points="3500,1413 3500,1473 3614,1473 3614,1413"/>
                    <TextEquiv>
                        <Unicode>ich</Unicode>
                    </TextEquiv>
                </Word>
                <TextEquiv>
                    <Unicode>Nächſte und Billigſte. Auch brauche ich</Unicode>
                </TextEquiv>
            </TextLine>
            <TextLine id="r1l6" custom="readingOrder {index:4;}">
                <Coords points="631,1716 1008,1689 1149,1811 1365,1709 1506,1795 1671,1697 3501,1691 3501,1609 2747,1545 2457,1620 2111,1517 1872,1611 1393,1521 631,1579"/>
                <Baseline points="652,1666 793,1670 934,1673 1076,1676 1217,1676 1359,1678 1500,1677 1641,1676 1783,1676 1924,1674 2066,1674 2207,1672 2348,1671 2490,1670 2631,1670 2773,1670 2914,1672 3055,1674 3197,1676 3338,1680 3480,1686"/>
                <Word id="r1l6_w1" custom="readingOrder {index:0;}">
                    <Coords points="640,1631 640,1691 1089,1691 1089,1631"/>
                    <TextEquiv>
                        <Unicode>ſtarke</Unicode>
                    </TextEquiv>
                </Word>
                <Word id="r1l6_w2" custom="readingOrder {index:1;}">
                    <Coords points="1227,1636 1227,1696 1815,1696 1815,1636"/>
                    <TextEquiv>
                        <Unicode>Höhenlaht</Unicode>
                    </TextEquiv>
                </Word>
                <Word id="r1l6_w3" custom="readingOrder {index:2;}">
                    <Coords points="1926,1634 1926,1694 2155,1694 2155,1634"/>
                    <TextEquiv>
                        <Unicode>und</Unicode>
                    </TextEquiv>
                </Word>
                <Word id="r1l6_w4" custom="readingOrder {index:3;}">
                    <Coords points="2324,1630 2324,1690 2703,1690 2703,1630"/>
                    <TextEquiv>
                        <Unicode>derke</Unicode>
                    </TextEquiv>
                </Word>
                <Word id="r1l6_w5" custom="readingOrder {index:4;}">
                    <Coords points="2893,1635 2893,1695 3410,1695 3410,1635"/>
                    <TextEquiv>
                        <Unicode>darem</Unicode>
                    </TextEquiv>
                </Word>
                <TextEquiv>
                    <Unicode>ſtarke Höhenluft und denke darum</Unicode>
                </TextEquiv>
            </TextLine>
            <TextLine id="r1l7" custom="readingOrder {index:5;} place {offset:20; length:7;}">
                <Coords points="568,1921 804,1998 988,1915 2079,1897 2720,2000 3344,1914 3343,1835 2632,1757 567,1823"/>
                <Baseline points="588,1900 724,1900 861,1900 998,1898 1134,1898 1271,1896 1408,1896 1544,1894 1681,1892 1818,1892 1955,1890 2091,1888 2228,1888 2365,1888 2501,1886 2638,1886 2775,1886 2911,1888 3048,1888 3185,1890 3322,1892"/>
                <Word id="r1l7_w1" custom="readingOrder {index:0;}">
                    <Coords points="575,1860 575,1920 830,1920 830,1860"/>
                    <TextEquiv>
                        <Unicode>an</Unicode>
                    </TextEquiv>
                </Word>
                <Word id="r1l7_w2" custom="readingOrder {index:1;}">
                    <Coords points="934,1858 934,1918 1010,1918 1010,1858"/>
                    <TextEquiv>
                        <Unicode>ſo</Unicode>
                    </TextEquiv>
                </Word>
                <Word id="r1l7_w3" custom="readingOrder {index:2;}">
                    <Coords points="1113,1856 1113,1916 1529,1916 1529,1856"/>
                    <TextEquiv>
                        <Unicode>etwas</Unicode>
                    </TextEquiv>
                </Word>
                <Word id="r1l7_w4" custom="readingOrder {index:3;}">
                    <Coords points="1700,1851 1700,1911 1955,1911 1955,1851"/>
                    <TextEquiv>
                        <Unicode>wie</Unicode>
                    </TextEquiv>
                </Word>
                <Word id="r1l7_w5" custom="readingOrder {index:4;}">
                    <Coords points="2115,1848 2115,1908 2342,1908 2342,1848"/>
                    <TextEquiv>
                        <Unicode>das</Unicode>
                    </TextEquiv>
                </Word>
                <Word id="r1l7_w6" custom="readingOrder {index:5;}">
                    <Coords points="2493,1847 2493,1907 3277,1907 3277,1847"/>
                    <TextEquiv>
                        <Unicode>Eigader.</Unicode>
                    </TextEquiv>
                </Word>
                <TextEquiv>
                    <Unicode>an ſo etwas wie das Engadin.</Unicode>
                </TextEquiv>
            </TextLine>
            <TextLine id="r1l8" custom="readingOrder {index:6;} place {offset:5; length:10;}">
                <Coords points="581,2176 1358,2248 1916,2119 2135,2250 2313,2118 2827,2106 3353,2208 3612,2139 3613,2037 582,1987"/>
                <Baseline points="600,2074 749,2085 899,2093 1048,2100 1198,2104 1348,2108 1497,2111 1647,2112 1796,2114 1946,2114 2096,2114 2245,2114 2395,2112 2544,2112 2694,2112 2844,2110 2993,2110 3143,2110 3292,2112 3442,2114 3592,2116"/>
                <Word id="r1l8_w1" custom="readingOrder {index:0;}">
                    <Coords points="594,2045 594,2105 940,2105 940,2045"/>
                    <TextEquiv>
                        <Unicode>Nach</Unicode>
                    </TextEquiv>
                </Word>
                <Word id="r1l8_w2" custom="readingOrder {index:1;}">
                    <Coords points="997,2066 997,2126 1575,2126 1575,2066"/>
                    <TextEquiv>
                        <Unicode>Öſterruch</Unicode>
                    </TextEquiv>
                </Word>
                <Word id="r1l8_w3" custom="readingOrder {index:2;}">
                    <Coords points="1772,2074 1772,2134 2142,2134 2142,2074"/>
                    <TextEquiv>
                        <Unicode>karm</Unicode>
                    </TextEquiv>
                </Word>
                <Word id="r1l8_w4" custom="readingOrder {index:3;}">
                    <Coords points="2235,2073 2235,2133 2350,2133 2350,2073"/>
                    <TextEquiv>
                        <Unicode>ich</Unicode>
                    </TextEquiv>
                </Word>
                <Word id="r1l8_w5" custom="readingOrder {index:4;}">
                    <Coords points="2500,2070 2500,2130 3091,2130 3091,2070"/>
                    <TextEquiv>
                        <Unicode>diesmal</Unicode>
                    </TextEquiv>
                </Word>
                <Word id="r1l8_w6" custom="readingOrder {index:5;}">
                    <Coords points="3263,2073 3263,2133 3506,2133 3506,2073"/>
                    <TextEquiv>
                        <Unicode>nicht</Unicode>
                    </TextEquiv>
                </Word>
                <TextEquiv>
                    <Unicode>Nach Öſterreich kann ich diesmal nicht</Unicode>
                </TextEquiv>
            </TextLine>
            <TextLine id="r1l9" custom="readingOrder {index:7;}">
                <Coords points="502,2391 1814,2344 2068,2464 2242,2347 2677,2449 2992,2330 3514,2366 3515,2248 3291,2199 2945,2283 504,2195"/>
                <Baseline points="522,2316 670,2312 819,2312 968,2310 1116,2312 1265,2314 1414,2316 1562,2318 1711,2322 1860,2325 2009,2328 2157,2330 2306,2334 2455,2336 2603,2336 2752,2336 2901,2336 3049,2334 3198,2330 3347,2324 3496,2316"/>
                <Word id="r1l9_w1" custom="readingOrder {index:0;}">
                    <Coords points="511,2270 511,2330 1286,2330 1286,2270"/>
                    <TextEquiv>
                        <Unicode>kommer,</Unicode>
                    </TextEquiv>
                </Word>
                <Word id="r1l9_w2" custom="readingOrder {index:1;}">
                    <Coords points="1382,2277 1382,2337 1595,2337 1595,2277"/>
                    <TextEquiv>
                        <Unicode>aas</Unicode>
                    </TextEquiv>
                </Word>
                <Word id="r1l9_w3" custom="readingOrder {index:2;}">
                    <Coords points="1751,2290 1751,2350 2574,2350 2574,2290"/>
                    <TextEquiv>
                        <Unicode>mancherlei</Unicode>
                    </TextEquiv>
                </Word>
                <Word id="r1l9_w4" custom="readingOrder {index:3;}">
                    <Coords points="2748,2293 2748,2353 3408,2353 3408,2293"/>
                    <TextEquiv>
                        <Unicode>Grunden</Unicode>
                    </TextEquiv>
                </Word>
                <TextEquiv>
                    <Unicode>kommen, aus mancherlei Gründen</Unicode>
                </TextEquiv>
            </TextLine>
            <TextLine id="r1l10" custom="readingOrder {index:8;} place {offset:30; length:7;}">
                <Coords points="552,2655 1255,2565 1577,2702 2162,2561 2389,2675 2652,2558 3579,2562 3139,2389 2845,2479 552,2462"/>
                <Baseline points="570,2520 719,2528 869,2536 1018,2542 1168,2546 1317,2550 1467,2551 1616,2552 1766,2552 1915,2550 2065,2548 2214,2546 2364,2544 2513,2542 2663,2540 2812,2540 2962,2538 3111,2538 3261,2540 3410,2542 3560,2546"/>
                <Word id="r1l10_w1" custom="readingOrder {index:0;}">
                    <Coords points="566,2494 566,2554 1106,2554 1106,2494"/>
                    <TextEquiv>
                        <Unicode>nicht.</Unicode>
                    </TextEquiv>
                </Word>
                <Word id="r1l10_w2" custom="readingOrder {index:1;}">
                    <Coords points="1205,2510 1205,2570 1621,2570 1621,2510"/>
                    <TextEquiv>
                        <Unicode>Wenn</Unicode>
                    </TextEquiv>
                </Word>
                <Word id="r1l10_w3" custom="readingOrder {index:2;}">
                    <Coords points="1684,2512 1684,2572 1794,2572 1794,2512"/>
                    <TextEquiv>
                        <Unicode>ich</Unicode>
                    </TextEquiv>
                </Word>
                <Word id="r1l10_w4" custom="readingOrder {index:3;}">
                    <Coords points="1893,2508 1893,2568 2114,2568 2114,2508"/>
                    <TextEquiv>
                        <Unicode>alſo</Unicode>
                    </TextEquiv>
                </Word>
                <Word id="r1l10_w5" custom="readingOrder {index:4;}">
                    <Coords points="2260,2503 2260,2563 2580,2563 2580,2503"/>
                    <TextEquiv>
                        <Unicode>nach</Unicode>
                    </TextEquiv>
                </Word>
                <Word id="r1l10_w6" custom="readingOrder {index:5;}">
                    <Coords points="2678,2500 2678,2560 2850,2560 2850,2500"/>
                    <TextEquiv>
                        <Unicode>der</Unicode>
                    </TextEquiv>
                </Word>
                <Word id="r1l10_w7" custom="readingOrder {index:6;}">
                    <Coords points="2974,2499 2974,2559 3538,2559 3538,2499"/>
                    <TextEquiv>
                        <Unicode>Schwen</Unicode>
                    </TextEquiv>
                </Word>
                <TextEquiv>
                    <Unicode>nicht. Wenn ich alſo nach der Schweiz</Unicode>
                </TextEquiv>
            </TextLine>
            <TextLine id="r1l11" custom="readingOrder {index:9;}">
                <Coords points="604,2875 858,2803 1028,2875 1273,2768 1966,2838 2129,2756 2757,2764 3015,2885 3261,2802 3258,2649 600,2690"/>
                <Baseline points="622,2788 752,2788 883,2788 1014,2787 1145,2785 1276,2783 1407,2780 1538,2778 1669,2774 1800,2772 1931,2769 2061,2766 2192,2762 2323,2760 2454,2757 2585,2754 2716,2752 2847,2750 2978,2750 3109,2748 3240,2748"/>
                <Word id="r1l11_w1" custom="readingOrder {index:0;}">
                    <Coords points="610,2748 610,2808 1055,2808 1055,2748"/>
                    <TextEquiv>
                        <Unicode>gehe,</Unicode>
                    </TextEquiv>
                </Word>
                <Word id="r1l11_w2" custom="readingOrder {index:1;}">
                    <Coords points="1115,2744 1115,2804 1186,2804 1186,2744"/>
                    <TextEquiv>
                        <Unicode>ſo</Unicode>
                    </TextEquiv>
                </Word>
                <Word id="r1l11_w3" custom="readingOrder {index:2;}">
                    <Coords points="1327,2739 1327,2799 1610,2799 1610,2739"/>
                    <TextEquiv>
                        <Unicode>wirſt</Unicode>
                    </TextEquiv>
                </Word>
                <Word id="r1l11_w4" custom="readingOrder {index:3;}">
                    <Coords points="1783,2730 1783,2790 1924,2790 1924,2730"/>
                    <TextEquiv>
                        <Unicode>Du</Unicode>
                    </TextEquiv>
                </Word>
                <Word id="r1l11_w5" custom="readingOrder {index:4;}">
                    <Coords points="2116,2720 2116,2780 2490,2780 2490,2720"/>
                    <TextEquiv>
                        <Unicode>Dich,</Unicode>
                    </TextEquiv>
                </Word>
                <Word id="r1l11_w6" custom="readingOrder {index:5;}">
                    <Coords points="2552,2712 2552,2772 2814,2772 2814,2712"/>
                    <TextEquiv>
                        <Unicode>wie</Unicode>
                    </TextEquiv>
                </Word>
                <Word id="r1l11_w7" custom="readingOrder {index:6;}">
                    <Coords points="3017,2708 3017,2768 3118,2768 3118,2708"/>
                    <TextEquiv>
                        <Unicode>ich</Unicode>
                    </TextEquiv>
                </Word>
                <TextEquiv>
                    <Unicode>gehe, ſo wirſt Du Dich, wie ich</Unicode>
                </TextEquiv>
            </TextLine>
            <TextLine id="r1l12" custom="readingOrder {index:10;}">
                <Coords points="654,3070 850,2992 1083,3130 1306,3017 1543,3116 2601,2961 3457,3019 3455,2866 2454,2900 2221,2762 1873,2912 652,2889"/>
                <Baseline points="674,2978 812,2982 950,2984 1088,2986 1226,2986 1364,2986 1502,2986 1640,2984 1778,2981 1916,2978 2055,2975 2193,2972 2331,2968 2469,2965 2607,2962 2745,2960 2883,2958 3021,2956 3159,2956 3297,2956 3436,2956"/>
                <Word id="r1l12_w1" custom="readingOrder {index:0;}">
                    <Coords points="667,2946 667,3006 1734,3006 1734,2946"/>
                    <TextEquiv>
                        <Unicode>zuverſichtlich</Unicode>
                    </TextEquiv>
                </Word>
                <Word id="r1l12_w2" custom="readingOrder {index:1;}">
                    <Coords points="1888,2934 1888,2994 2269,2994 2269,2934"/>
                    <TextEquiv>
                        <Unicode>hoffe,</Unicode>
                    </TextEquiv>
                </Word>
                <Word id="r1l12_w3" custom="readingOrder {index:2;}">
                    <Coords points="2385,2924 2385,2984 2639,2984 2639,2924"/>
                    <TextEquiv>
                        <Unicode>mit</Unicode>
                    </TextEquiv>
                </Word>
                <Word id="r1l12_w4" custom="readingOrder {index:3;}">
                    <Coords points="2957,2916 2957,2976 3237,2976 3237,2916"/>
                    <TextEquiv>
                        <Unicode>mir</Unicode>
                    </TextEquiv>
                </Word>
                <TextEquiv>
                    <Unicode>zuverſichtlich hoffe, mit mir</Unicode>
                </TextEquiv>
            </TextLine>
            <TextLine id="r1l13" custom="readingOrder {index:11;}">
                <Coords points="647,3216 1259,3322 1660,3212 1899,3295 2170,3193 3104,3280 3497,3197 3497,3111 2410,3138 2256,3052 647,3126"/>
                <Baseline points="666,3184 806,3186 947,3188 1087,3188 1228,3188 1369,3188 1509,3186 1650,3184 1790,3184 1931,3182 2072,3180 2212,3180 2353,3180 2493,3178 2634,3180 2775,3180 2915,3182 3056,3185 3196,3190 3337,3195 3478,3202"/>
                <Word id="r1l13_w1" custom="readingOrder {index:0;}">
                    <Coords points="656,3148 656,3208 1684,3208 1684,3148"/>
                    <TextEquiv>
                        <Unicode>verenügen.</Unicode>
                    </TextEquiv>
                </Word>
                <Word id="r1l13_w2" custom="readingOrder {index:1;}">
                    <Coords points="1772,3142 1772,3202 2017,3202 2017,3142"/>
                    <TextEquiv>
                        <Unicode>Nach</Unicode>
                    </TextEquiv>
                </Word>
                <Word id="r1l13_w3" custom="readingOrder {index:2;}">
                    <Coords points="2076,3140 2076,3200 2242,3200 2242,3140"/>
                    <TextEquiv>
                        <Unicode>Dir</Unicode>
                    </TextEquiv>
                </Word>
                <Word id="r1l13_w4" custom="readingOrder {index:3;}">
                    <Coords points="2497,3140 2497,3200 2821,3200 2821,3140"/>
                    <TextEquiv>
                        <Unicode>wird</Unicode>
                    </TextEquiv>
                </Word>
                <Word id="r1l13_w5" custom="readingOrder {index:4;}">
                    <Coords points="2947,3143 2947,3203 3066,3203 3066,3143"/>
                    <TextEquiv>
                        <Unicode>es</Unicode>
                    </TextEquiv>
                </Word>
                <Word id="r1l13_w6" custom="readingOrder {index:5;}">
                    <Coords points="3153,3152 3153,3212 3398,3212 3398,3152"/>
                    <TextEquiv>
                        <Unicode>gut</Unicode>
                    </TextEquiv>
                </Word>
                <TextEquiv>
                    <Unicode>vereinigen. Auch Dir wird es gut</Unicode>
                </TextEquiv>
            </TextLine>
            <TextLine id="r1l14" custom="readingOrder {index:12;} place {offset:17; length:10;}">
                <Coords points="533,3524 1777,3406 2088,3496 2390,3412 2551,3530 3089,3410 3399,3492 3713,3365 1989,3257 1789,3363 532,3312"/>
                <Baseline points="552,3432 709,3428 866,3422 1023,3420 1180,3416 1337,3412 1494,3409 1651,3406 1808,3404 1965,3402 2122,3400 2279,3400 2436,3400 2593,3400 2750,3402 2907,3404 3064,3407 3221,3410 3378,3416 3535,3423 3692,3430"/>
                <Word id="r1l14_w1" custom="readingOrder {index:0;}">
                    <Coords points="544,3384 544,3444 1034,3444 1034,3384"/>
                    <TextEquiv>
                        <Unicode>thun,</Unicode>
                    </TextEquiv>
                </Word>
                <Word id="r1l14_w2" custom="readingOrder {index:1;}">
                    <Coords points="1091,3372 1091,3432 1524,3432 1524,3372"/>
                    <TextEquiv>
                        <Unicode>einaal</Unicode>
                    </TextEquiv>
                </Word>
                <Word id="r1l14_w3" custom="readingOrder {index:2;}">
                    <Coords points="1716,3363 1716,3423 1933,3423 1933,3363"/>
                    <TextEquiv>
                        <Unicode>aus</Unicode>
                    </TextEquiv>
                </Word>
                <Word id="r1l14_w4" custom="readingOrder {index:3;}">
                    <Coords points="2127,3360 2127,3420 2730,3420 2730,3360"/>
                    <TextEquiv>
                        <Unicode>Oſterreich</Unicode>
                    </TextEquiv>
                </Word>
                <Word id="r1l14_w5" custom="readingOrder {index:4;}">
                    <Coords points="2913,3372 2913,3432 3653,3432 3653,3372"/>
                    <TextEquiv>
                        <Unicode>herauszu¬</Unicode>
                    </TextEquiv>
                </Word>
                <TextEquiv>
                    <Unicode>thun, einmal aus Öſterreich herauszu¬</Unicode>
                </TextEquiv>
            </TextLine>
            <TextLine id="r1l15" custom="readingOrder {index:13;}">
                <Coords points="623,3652 1574,3624 1749,3763 2029,3624 2601,3762 3304,3732 3611,3648 3612,3515 624,3511"/>
                <Baseline points="642,3620 789,3616 937,3614 1084,3614 1232,3614 1379,3614 1527,3614 1674,3616 1822,3617 1969,3618 2117,3620 2264,3622 2412,3624 2559,3626 2707,3628 2854,3630 3002,3632 3149,3632 3297,3632 3444,3632 3592,3632"/>
                <Word id="r1l15_w1" custom="readingOrder {index:0;}">
                    <Coords points="633,3574 633,3634 1514,3634 1514,3574"/>
                    <TextEquiv>
                        <Unicode>kommmen.</Unicode>
                    </TextEquiv>
                </Word>
                <Word id="r1l15_w2" custom="readingOrder {index:1;}">
                    <Coords points="1585,3575 1585,3635 1716,3635 1716,3575"/>
                    <TextEquiv>
                        <Unicode>Da</Unicode>
                    </TextEquiv>
                </Word>
                <Word id="r1l15_w3" custom="readingOrder {index:2;}">
                    <Coords points="1847,3577 1847,3637 1940,3637 1940,3577"/>
                    <TextEquiv>
                        <Unicode>ich</Unicode>
                    </TextEquiv>
                </Word>
                <Word id="r1l15_w4" custom="readingOrder {index:3;}">
                    <Coords points="2091,3581 2091,3641 2355,3641 2355,3581"/>
                    <TextEquiv>
                        <Unicode>aber</Unicode>
                    </TextEquiv>
                </Word>
                <Word id="r1l15_w5" custom="readingOrder {index:4;}">
                    <Coords points="2507,3586 2507,3646 2749,3646 2749,3586"/>
                    <TextEquiv>
                        <Unicode>noch</Unicode>
                    </TextEquiv>
                </Word>
                <Word id="r1l15_w6" custom="readingOrder {index:5;}">
                    <Coords points="2861,3591 2861,3651 3084,3651 3084,3591"/>
                    <TextEquiv>
                        <Unicode>gar</Unicode>
                    </TextEquiv>
                </Word>
                <Word id="r1l15_w7" custom="readingOrder {index:6;}">
                    <Coords points="3206,3592 3206,3652 3529,3652 3529,3592"/>
                    <TextEquiv>
                        <Unicode>nichts</Unicode>
                    </TextEquiv>
                </Word>
                <TextEquiv>
                    <Unicode>kommen. Da ich aber noch gar nichts</Unicode>
                </TextEquiv>
            </TextLine>
            <TextLine id="r1l16" custom="readingOrder {index:14;}">
                <Coords points="567,3980 963,3858 1494,3948 3504,3855 3503,3713 3397,3702 2914,3683 2754,3801 567,3710"/>
                <Baseline points="586,3832 730,3834 875,3838 1020,3842 1165,3844 1310,3846 1454,3848 1599,3850 1744,3852 1889,3852 2034,3854 2178,3854 2323,3852 2468,3852 2613,3850 2758,3846 2902,3844 3047,3840 3192,3834 3337,3828 3482,3822"/>
                <Word id="r1l16_w1" custom="readingOrder {index:0;}">
                    <Coords points="577,3801 577,3861 1459,3861 1459,3801"/>
                    <TextEquiv>
                        <Unicode>Beſtimuates</Unicode>
                    </TextEquiv>
                </Word>
                <Word id="r1l16_w2" custom="readingOrder {index:1;}">
                    <Coords points="1634,3812 1634,3872 2061,3872 2061,3812"/>
                    <TextEquiv>
                        <Unicode>ſagen</Unicode>
                    </TextEquiv>
                </Word>
                <Word id="r1l16_w3" custom="readingOrder {index:2;}">
                    <Coords points="2288,3810 2288,3870 2808,3870 2808,3810"/>
                    <TextEquiv>
                        <Unicode>kann,</Unicode>
                    </TextEquiv>
                </Word>
                <Word id="r1l16_w4" custom="readingOrder {index:3;}">
                    <Coords points="2880,3803 2880,3863 2942,3863 2942,3803"/>
                    <TextEquiv>
                        <Unicode>ſo</Unicode>
                    </TextEquiv>
                </Word>
                <Word id="r1l16_w5" custom="readingOrder {index:4;}">
                    <Coords points="3004,3794 3004,3854 3378,3854 3378,3794"/>
                    <TextEquiv>
                        <Unicode>bleibt</Unicode>
                    </TextEquiv>
                </Word>
                <TextEquiv>
                    <Unicode>Beſtimmtes ſagen kann, ſo bleibt</Unicode>
                </TextEquiv>
            </TextLine>
            <TextLine id="r1l17" custom="readingOrder {index:15;}">
                <Coords points="575,4058 1155,4183 1607,4079 1780,4178 1996,4076 2757,4166 3579,4060 3242,3893 3017,3995 2751,3919 575,3984"/>
                <Baseline points="596,4050 744,4048 892,4048 1040,4048 1188,4048 1336,4049 1484,4050 1632,4052 1780,4052 1928,4054 2077,4056 2225,4056 2373,4058 2521,4060 2669,4060 2817,4060 2965,4060 3113,4058 3261,4058 3453,4092 3602,4088"/>
                <Word id="r1l17_w1" custom="readingOrder {index:0;}">
                    <Coords points="586,4008 586,4068 956,4068 956,4008"/>
                    <TextEquiv>
                        <Unicode>mir</Unicode>
                    </TextEquiv>
                </Word>
                <Word id="r1l17_w2" custom="readingOrder {index:1;}">
                    <Coords points="1156,4008 1156,4068 1452,4068 1452,4008"/>
                    <TextEquiv>
                        <Unicode>nichts</Unicode>
                    </TextEquiv>
                </Word>
                <Word id="r1l17_w3" custom="readingOrder {index:2;}">
                    <Coords points="1611,4012 1611,4072 2065,4072 2065,4012"/>
                    <TextEquiv>
                        <Unicode>übrig,</Unicode>
                    </TextEquiv>
                </Word>
                <Word id="r1l17_w4" custom="readingOrder {index:3;}">
                    <Coords points="2192,4016 2192,4076 2393,4076 2393,4016"/>
                    <TextEquiv>
                        <Unicode>als</Unicode>
                    </TextEquiv>
                </Word>
                <Word id="r1l17_w5" custom="readingOrder {index:4;}">
                    <Coords points="2488,4020 2488,4080 2710,4080 2710,4020"/>
                    <TextEquiv>
                        <Unicode>Dich</Unicode>
                    </TextEquiv>
                </Word>
                <Word id="r1l17_w6" custom="readingOrder {index:5;}">
                    <Coords points="2837,4020 2837,4080 2964,4080 2964,4020"/>
                    <TextEquiv>
                        <Unicode>zu</Unicode>
                    </TextEquiv>
                </Word>
                <Word id="r1l17_w7" custom="readingOrder {index:6;}">
                    <Coords points="3101,4017 3101,4077 3482,4077 3482,4017"/>
                    <TextEquiv>
                        <Unicode>bitten</Unicode>
                    </TextEquiv>
                </Word>
                <TextEquiv>
                    <Unicode>mir nichts übrig, als Dich zu bitten,</Unicode>
                </TextEquiv>
            </TextLine>
            <TextLine id="r1l18" custom="readingOrder {index:16;}">
                <Coords points="491,4290 919,4392 1269,4301 1430,4418 1649,4292 2183,4271 2462,4408 2686,4274 3401,4281 2595,4074 2293,4228 1594,4116 491,4208"/>
                <Baseline points="510,4280 653,4280 797,4280 940,4280 1084,4278 1228,4278 1371,4277 1515,4276 1658,4276 1802,4274 1946,4274 2089,4274 2233,4272 2376,4272 2520,4272 2664,4272 2807,4274 2951,4274 3094,4276 3238,4278 3382,4280"/>
                <Word id="r1l18_w1" custom="readingOrder {index:0;}">
                    <Coords points="504,4240 504,4300 853,4300 853,4240"/>
                    <TextEquiv>
                        <Unicode>mich</Unicode>
                    </TextEquiv>
                </Word>
                <Word id="r1l18_w2" custom="readingOrder {index:1;}">
                    <Coords points="1046,4238 1046,4298 1311,4298 1311,4238"/>
                    <TextEquiv>
                        <Unicode>ſtets</Unicode>
                    </TextEquiv>
                </Word>
                <Word id="r1l18_w3" custom="readingOrder {index:2;}">
                    <Coords points="1420,4236 1420,4296 1649,4296 1649,4236"/>
                    <TextEquiv>
                        <Unicode>auf</Unicode>
                    </TextEquiv>
                </Word>
                <Word id="r1l18_w4" custom="readingOrder {index:3;}">
                    <Coords points="1733,4234 1733,4294 2023,4294 2023,4234"/>
                    <TextEquiv>
                        <Unicode>dem</Unicode>
                    </TextEquiv>
                </Word>
                <Word id="r1l18_w5" custom="readingOrder {index:4;}">
                    <Coords points="2300,4233 2300,4293 3289,4293 3289,4233"/>
                    <TextEquiv>
                        <Unicode>Lauferden</Unicode>
                    </TextEquiv>
                </Word>
                <TextEquiv>
                    <Unicode>mich ſtets auf dem Laufenden</Unicode>
                </TextEquiv>
            </TextLine>
            <TextLine id="r1l19" custom="readingOrder {index:17;}">
                <Coords points="538,4531 1355,4483 2909,4620 3240,4501 3644,4532 3645,4410 3484,4362 2742,4450 540,4351"/>
                <Baseline points="558,4494 711,4490 864,4486 1017,4484 1171,4482 1324,4482 1477,4484 1631,4486 1784,4488 1937,4490 2091,4494 2244,4496 2397,4500 2550,4502 2704,4504 2857,4506 3010,4506 3164,4504 3317,4503 3470,4500 3624,4494"/>
                <Word id="r1l19_w1" custom="readingOrder {index:0;}">
                    <Coords points="548,4448 548,4508 953,4508 953,4448"/>
                    <TextEquiv>
                        <Unicode>über</Unicode>
                    </TextEquiv>
                </Word>
                <Word id="r1l19_w2" custom="readingOrder {index:1;}">
                    <Coords points="1157,4442 1157,4502 1532,4502 1532,4442"/>
                    <TextEquiv>
                        <Unicode>Deine</Unicode>
                    </TextEquiv>
                </Word>
                <Word id="r1l19_w3" custom="readingOrder {index:2;}">
                    <Coords points="1735,4451 1735,4511 2263,4511 2263,4451"/>
                    <TextEquiv>
                        <Unicode>Adreſſe</Unicode>
                    </TextEquiv>
                </Word>
                <Word id="r1l19_w4" custom="readingOrder {index:3;}">
                    <Coords points="2517,4462 2517,4522 2649,4522 2649,4462"/>
                    <TextEquiv>
                        <Unicode>zu</Unicode>
                    </TextEquiv>
                </Word>
                <Word id="r1l19_w5" custom="readingOrder {index:4;}">
                    <Coords points="2842,4463 2842,4523 3623,4523 3623,4463"/>
                    <TextEquiv>
                        <Unicode>erhalten.</Unicode>
                    </TextEquiv>
                </Word>
                <TextEquiv>
                    <Unicode>über Deine Adreſſe zu erhalten.</Unicode>
                </TextEquiv>
            </TextLine>
            <TextLine id="r1l20" custom="readingOrder {index:18;}">
                <Coords points="535,4741 2910,4788 3324,4644 537,4596"/>
                <Baseline points="554,4700 691,4700 828,4700 966,4700 1103,4700 1241,4702 1378,4703 1515,4704 1653,4706 1790,4708 1928,4710 2065,4712 2202,4714 2340,4716 2477,4718 2615,4720 2752,4722 2889,4723 3027,4724 3164,4725 3302,4726"/>
                <Word id="r1l20_w1" custom="readingOrder {index:0;}">
                    <Coords points="540,4660 540,4720 771,4720 771,4660"/>
                    <TextEquiv>
                        <Unicode>Du</Unicode>
                    </TextEquiv>
                </Word>
                <Word id="r1l20_w2" custom="readingOrder {index:1;}">
                    <Coords points="907,4660 907,4720 1330,4720 1330,4660"/>
                    <TextEquiv>
                        <Unicode>tanuſt</Unicode>
                    </TextEquiv>
                </Word>
                <Word id="r1l20_w3" custom="readingOrder {index:2;}">
                    <Coords points="1498,4665 1498,4725 1768,4725 1768,4665"/>
                    <TextEquiv>
                        <Unicode>mur</Unicode>
                    </TextEquiv>
                </Word>
                <Word id="r1l20_w4" custom="readingOrder {index:3;}">
                    <Coords points="2040,4676 2040,4736 2694,4736 2694,4676"/>
                    <TextEquiv>
                        <Unicode>irmner</Unicode>
                    </TextEquiv>
                </Word>
                <Word id="r1l20_w5" custom="readingOrder {index:4;}">
                    <Coords points="2942,4684 2942,4744 3253,4744 3253,4684"/>
                    <TextEquiv>
                        <Unicode>nach</Unicode>
                    </TextEquiv>
                </Word>
                <TextEquiv>
                    <Unicode>Du kannſt mir immer nach</Unicode>
                </TextEquiv>
            </TextLine>
            <TextLine id="r1l21" custom="readingOrder {index:19;} place {offset:0; length:9;} organization {offset:17; length:7;}">
                <Coords points="622,4928 1009,5047 1804,4932 2965,5046 3692,4953 3498,4794 2959,4877 2356,4747 2103,4854 1581,4862 1422,4742 1192,4845 624,4787"/>
                <Baseline points="642,4900 793,4906 945,4910 1096,4914 1248,4918 1399,4922 1551,4924 1702,4926 1854,4928 2005,4928 2157,4930 2308,4932 2460,4932 2611,4934 2763,4936 2914,4936 3066,4939 3217,4940 3369,4944 3576,4986 3728,4990"/>
                <Word id="r1l21_w1" custom="readingOrder {index:0;}">
                    <Coords points="634,4873 634,4933 1532,4933 1532,4873"/>
                    <TextEquiv>
                        <Unicode>Frankfurt</Unicode>
                    </TextEquiv>
                </Word>
                <Word id="r1l21_w2" custom="readingOrder {index:1;}">
                    <Coords points="1656,4886 1656,4946 1827,4946 1827,4886"/>
                    <TextEquiv>
                        <Unicode>an</Unicode>
                    </TextEquiv>
                </Word>
                <Word id="r1l21_w3" custom="readingOrder {index:2;}">
                    <Coords points="1906,4888 1906,4948 2088,4948 2088,4888"/>
                    <TextEquiv>
                        <Unicode>die</Unicode>
                    </TextEquiv>
                </Word>
                <Word id="r1l21_w4" custom="readingOrder {index:3;}">
                    <Coords points="2259,4893 2259,4953 2850,4953 2850,4893"/>
                    <TextEquiv>
                        <Unicode>Zeitung</Unicode>
                    </TextEquiv>
                </Word>
                <Word id="r1l21_w5" custom="readingOrder {index:4;}">
                    <Coords points="3008,4902 3008,4962 3633,4962 3633,4902"/>
                    <TextEquiv>
                        <Unicode>ſchreiben</Unicode>
                    </TextEquiv>
                </Word>
                <TextEquiv>
                    <Unicode>Frankfurt an die Zeitung ſchreiben;</Unicode>
                </TextEquiv>
            </TextLine>
            <TextLine id="r1l22" custom="readingOrder {index:20;}">
                <Coords points="575,5151 1092,5290 1631,5144 2632,5159 2921,5304 3629,5230 3631,5018 1981,5101 577,5005"/>
                <Baseline points="596,5120 746,5127 897,5132 1048,5136 1198,5140 1349,5142 1500,5143 1650,5144 1801,5144 1952,5144 2103,5144 2253,5146 2404,5146 2555,5146 2705,5148 2856,5150 3007,5153 3157,5158 3308,5162 3459,5168 3610,5178"/>
                <Word id="r1l22_w1" custom="readingOrder {index:0;}">
                    <Coords points="587,5088 587,5148 974,5148 974,5088"/>
                    <TextEquiv>
                        <Unicode>alle</Unicode>
                    </TextEquiv>
                </Word>
                <Word id="r1l22_w2" custom="readingOrder {index:1;}">
                    <Coords points="1062,5100 1062,5160 1427,5160 1427,5100"/>
                    <TextEquiv>
                        <Unicode>Briefe</Unicode>
                    </TextEquiv>
                </Word>
                <Word id="r1l22_w3" custom="readingOrder {index:2;}">
                    <Coords points="1526,5104 1526,5164 2046,5164 2046,5104"/>
                    <TextEquiv>
                        <Unicode>werden</Unicode>
                    </TextEquiv>
                </Word>
                <Word id="r1l22_w4" custom="readingOrder {index:3;}">
                    <Coords points="2224,5106 2224,5166 2466,5166 2466,5106"/>
                    <TextEquiv>
                        <Unicode>mir</Unicode>
                    </TextEquiv>
                </Word>
                <Word id="r1l22_w5" custom="readingOrder {index:4;}">
                    <Coords points="2622,5116 2622,5176 3595,5176 3595,5116"/>
                    <TextEquiv>
                        <Unicode>nachgeſchickt.</Unicode>
                    </TextEquiv>
                </Word>
                <TextEquiv>
                    <Unicode>alle Briefe werden mir nachgeſchickt.</Unicode>
                </TextEquiv>
            </TextLine>
            <TextEquiv>
                <Unicode>Kann ich im Auguſt meinen Urlaub
antreten, ſo will ich nach der Schweiz
gehen. Das iſt von hier aus das
Nächſte und Billigſte. Auch brauche ich
ſtarke Höhenluft und denke darum
an ſo etwas wie das Engadin.
Nach Öſterreich kann ich diesmal nicht
kommen, aus mancherlei Gründen
nicht. Wenn ich alſo nach der Schweiz
gehe, ſo wirſt Du Dich, wie ich
zuverſichtlich hoffe, mit mir
vereinigen. Auch Dir wird es gut
thun, einmal aus Öſterreich herauszu¬
kommen. Da ich aber noch gar nichts
Beſtimmtes ſagen kann, ſo bleibt
mir nichts übrig, als Dich zu bitten,
mich ſtets auf dem Laufenden
über Deine Adreſſe zu erhalten.
Du kannſt mir immer nach
Frankfurt an die Zeitung ſchreiben;
alle Briefe werden mir nachgeſchickt.</Unicode>
            </TextEquiv>
        </TextRegion>
    </Page>
</PcGts>
