3754 5487
328 666 575 726 ich
658 680 1044 740 keine
1236 692 1650 752 Nacht
1746 701 2133 761 mehr
2228 717 2436 777 als
2667 791 3071 851 zwei

365 938 673 998 bis
818 946 1078 1006 drei
1241 957 1986 1017 Stunden.
2101 973 2246 1033 Es
2327 985 2490 1045 iſt
2635 1019 3090 1079 einfach

332 1171 711 1231 zum
878 1199 2268 1259 Verrucktwerden;
2470 1239 2740 1299 und
2943 1237 3054 1297 da

349 1393 591 1453 es
711 1422 908 1482 im
1058 1448 1664 1508 Norden
1754 1462 2146 1522 dieſes
2343 1488 3130 1548 verflichten

386 1665 1051 1725 Landes
1214 1700 1704 1760 genau
1895 1716 1989 1776 ſo
2180 1726 2398 1786 heiß
2574 1740 2738 1800 iſt
2860 1756 3118 1816 wir

390 1920 691 1980 im
903 1933 1528 1993 Süden,
1652 1944 1931 2004 gibt
2053 1950 2199 2010 es
2445 1961 2947 2021 keine

354 2149 964 2209 Flucht
1148 2181 1391 2241 vor
1551 2189 1745 2249 der
1990 2193 2381 2253 Hitze.
2503 2205 2857 2265 Auch

471 2423 843 2483 habe
975 2436 1120 2496 ich
1254 2444 1691 2504 Chein
1878 2448 2182 2508 ſatt
2302 2452 2527 2512 bis
2700 2461 3085 2521 oben

514 2697 1365 2757 hinauf.
1526 2698 1902 2758 Letzte
2090 2712 2503 2772 Woche
2652 2726 2978 2786 kam

504 2948 699 3008 ich
916 2944 1079 3004 in
1231 2940 1729 3000 einen
1947 2940 2901 3000 Chineſen-¬

510 3190 1207 3250 Aufruhr
1404 3192 1966 3252 hinein
2178 3192 2422 3252 und
2605 3198 3074 3258 wäre

459 3440 1158 3500 beinahe
1297 3455 1565 3515 ſolt
1692 3466 2544 3526 geſchlagen
2710 3507 3243 3567 worden

402 3652 716 3712 den
859 3701 1775 3761 ſchlimmſten
1996 3728 2311 3788 Theil
2506 3727 2715 3787 der

413 3936 931 3996 Reiſe
1075 3952 1322 4012 habe
1408 3956 1538 4016 ich
1683 3962 2129 4022 leider
2388 3956 2748 4016 noch

408 4213 729 4273 Vor
858 4226 1255 4286 mir.
1373 4198 2671 4258 Riau-tschou,
2746 4225 3014 4285 wo

441 4471 666 4531 es
813 4480 1091 4540 noch
1225 4484 1544 4544 kein
1730 4488 2715 4548 enrgäiſches

460 4757 937 4817 Haus
1038 4767 1327 4827 gibt
1566 4765 1780 4825 und
1893 4760 2535 4820 Spking
2685 4767 2961 4827 das

552 5037 1458 5097 gräßlichſte
1639 5047 2695 5107 Schmutzueſt
2800 5051 2998 5111 der
