1210 1434
129 124 464 184 unbeſchreiblich
509 136 991 196 heruntergearbeitet
1021 153 1100 213 und

130 193 351 253 bedarf
388 200 457 260 der
519 204 609 264 Ruf
646 208 724 268 und
761 214 1019 274 Erholung

149 268 257 328 daß
306 278 408 338 Deine
440 284 628 344 Premiène
654 286 696 346 in
713 287 851 347 meine
883 297 1024 357 kurze

148 347 437 407 Ferimzeit
469 359 575 419 fällt
612 353 665 413 iſt
697 352 750 412 in
771 368 1129 428 Zuſammentreffen

148 407 259 467 das
281 418 337 478 ſich
359 424 603 484 ausnimmt,
616 428 681 488 als
711 428 766 488 ſei
805 438 986 498 marsg
1025 460 1093 520 dieß

167 486 479 546 Unordnung
506 496 595 556 von
611 502 728 562 einer
780 509 1073 569 feindſeligen

166 551 309 611 Hand
345 561 534 621 getroffen
560 570 769 630 worden.
811 568 854 628 Ich
880 580 1036 640 werde

138 626 271 686 von
291 626 360 686 Dir
395 631 487 691 nicht
516 640 799 700 verlangen,
805 644 883 704 daß
952 647 998 707 Du

149 691 529 751 meinetwegen
563 703 678 763 Deine
727 703 904 763 Premièe
956 711 1083 771 ver¬

153 766 381 826 ſchiebſt.
419 764 517 824 Aber
572 762 657 822 mit
691 762 881 822 Rückſicht
905 766 987 826 aus
1004 770 1079 830 das

158 827 358 887 Refernt
392 830 432 890 in
460 830 540 890 der
580 832 643 892 N.
665 830 751 890 Fr.
754 831 888 891 Pr.,
916 836 999 896 das

136 888 226 948 doch
251 895 339 955 von
378 896 527 956 grßer
573 894 849 954 Wichtigkeit
868 898 984 958 ſein

163 956 365 1016 wird,
394 960 615 1020 könnteſt
660 964 712 1024 Du
753 972 865 1032 ſchon
891 972 1000 1032 eine

159 1032 509 1092 verſchiebung
561 1030 632 1090 um
684 1030 743 1090 ein
775 1032 898 1092 paar
947 1036 1060 1096 Tage

148 1098 484 1158 eornehmen,
500 1098 641 1158 unter
711 1092 855 1152 igend
905 1100 1098 1160 einem

145 1170 464 1230 Vormande.
478 1168 516 1228 Ich
545 1176 686 1236 werde
712 1181 846 1241 ſehen,
857 1182 886 1242 ob
935 1185 979 1245 ich
998 1194 1090 1254 hier

135 1238 311 1298 einen
338 1244 638 1304 anſtändigen
658 1254 729 1314 und
782 1257 1061 1317 verläßlichten
