<?xml version="1.0" encoding="UTF-8" standalone="yes"?>
<PcGts xmlns="http://schema.primaresearch.org/PAGE/gts/pagecontent/2013-07-15" xmlns:xsi="http://www.w3.org/2001/XMLSchema-instance" xsi:schemaLocation="http://schema.primaresearch.org/PAGE/gts/pagecontent/2013-07-15 http://schema.primaresearch.org/PAGE/gts/pagecontent/2013-07-15/pagecontent.xsd">
    <Metadata>
        <Creator>prov=READ-COOP:name=PyLaia@TranskribusPlatform:version=0.8.6:model_id=45551:lm=none:date=19_12_2022_15:47</Creator>
        <Created>2022-03-31T12:08:10.445+02:00</Created>
        <LastChange>2023-01-09T15:06:04.151+01:00</LastChange>
        <TranskribusMetadata docId="958781" pageId="37204586" pageNr="98" tsid="108762532" status="IN_PROGRESS" userId="64420" imgUrl="https://files.transkribus.eu/Get?id=PJYGFHIEGSCHMFGOQBGBUJUV&amp;fileType=view" xmlUrl="https://files.transkribus.eu/Get?id=TEEUFGQHPDKLBPHVOCESGTBG" imageId="30004757"/>
    </Metadata>
    <Page imageFilename="DLA_69_00113 HS.NZ85.1.3169_0067-0.jpg" imageWidth="3691" imageHeight="4545">
        <ReadingOrder>
            <OrderedGroup id="ro_1673273735694" caption="Regions reading order">
                <RegionRefIndexed index="0" regionRef="r1"/>
            </OrderedGroup>
        </ReadingOrder>
        <TextRegion orientation="0.0" id="r1" custom="readingOrder {index:0;}">
            <Coords points="296,376 296,3298 3239,3298 3239,376"/>
            <TextLine id="r1l1" custom="readingOrder {index:0;} structure {type:paragraph;} place {offset:22; length:6;}">
                <Coords points="502,473 895,576 1776,465 2640,577 3163,502 2795,381 1181,444 504,345"/>
                <Baseline points="522,458 653,464 784,471 915,476 1046,479 1177,482 1308,483 1439,485 1570,486 1701,486 1832,488 1963,488 2094,488 2225,488 2356,488 2487,489 2618,491 2749,492 2880,495 3011,498 3143,503"/>
                <Word id="r1l1_w1" custom="readingOrder {index:0;}">
                    <Coords points="507,427 507,487 948,487 948,427"/>
                    <TextEquiv>
                        <Unicode>Biae,</Unicode>
                    </TextEquiv>
                </Word>
                <Word id="r1l1_w2" custom="readingOrder {index:1;}">
                    <Coords points="972,440 972,500 1209,500 1209,440"/>
                    <TextEquiv>
                        <Unicode>theile</Unicode>
                    </TextEquiv>
                </Word>
                <Word id="r1l1_w3" custom="readingOrder {index:2;}">
                    <Coords points="1319,444 1319,504 1501,504 1501,444"/>
                    <TextEquiv>
                        <Unicode>mir</Unicode>
                    </TextEquiv>
                </Word>
                <Word id="r1l1_w4" custom="readingOrder {index:3;}">
                    <Coords points="1611,446 1611,506 1730,506 1730,446"/>
                    <TextEquiv>
                        <Unicode>die</Unicode>
                    </TextEquiv>
                </Word>
                <Word id="r1l1_w5" custom="readingOrder {index:4;}">
                    <Coords points="1840,448 1840,508 2273,508 2273,448"/>
                    <TextEquiv>
                        <Unicode>Berleur</Unicode>
                    </TextEquiv>
                </Word>
                <Word id="r1l1_w6" custom="readingOrder {index:5;}">
                    <Coords points="2432,450 2432,510 2802,510 2802,450"/>
                    <TextEquiv>
                        <Unicode>Adreſſe</Unicode>
                    </TextEquiv>
                </Word>
                <Word id="r1l1_w7" custom="readingOrder {index:6;}">
                    <Coords points="2913,457 2913,517 3094,517 3094,457"/>
                    <TextEquiv>
                        <Unicode>von</Unicode>
                    </TextEquiv>
                </Word>
                <TextEquiv>
                    <Unicode>Bitte, theile mir die Berliner Adreſſe von</Unicode>
                </TextEquiv>
            </TextLine>
            <TextLine id="r1l2" custom="readingOrder {index:1;} person {offset:0; length:11;} latintype {offset:9; length:1;}">
                <Coords points="301,689 913,763 1184,663 2023,729 2250,647 2739,757 3257,703 3258,575 302,546"/>
                <Baseline points="320,647 473,650 627,653 780,654 934,656 1088,657 1241,659 1395,659 1549,660 1702,660 1856,660 2009,662 2163,662 2317,663 2470,665 2624,666 2778,669 2931,672 3085,677 3239,681"/>
                <Word id="r1l2_w1" custom="readingOrder {index:0;}">
                    <Coords points="307,611 307,671 834,671 834,611"/>
                    <TextEquiv>
                        <Unicode>Fräulein</Unicode>
                    </TextEquiv>
                </Word>
                <Word id="r1l2_w2" custom="readingOrder {index:1;}">
                    <Coords points="983,616 983,676 1114,676 1114,616"/>
                    <TextEquiv>
                        <Unicode>E.</Unicode>
                    </TextEquiv>
                </Word>
                <Word id="r1l2_w3" custom="readingOrder {index:2;}">
                    <Coords points="1181,619 1181,679 1486,679 1486,619"/>
                    <TextEquiv>
                        <Unicode>aut,</Unicode>
                    </TextEquiv>
                </Word>
                <Word id="r1l2_w4" custom="readingOrder {index:3;}">
                    <Coords points="1518,619 1518,679 1543,679 1543,619"/>
                    <TextEquiv>
                        <Unicode>–</Unicode>
                    </TextEquiv>
                </Word>
                <Word id="r1l2_w5" custom="readingOrder {index:4;}">
                    <Coords points="1659,620 1659,680 1947,680 1947,620"/>
                    <TextEquiv>
                        <Unicode>wein</Unicode>
                    </TextEquiv>
                </Word>
                <Word id="r1l2_w6" custom="readingOrder {index:5;}">
                    <Coords points="2055,622 2055,682 2186,682 2186,622"/>
                    <TextEquiv>
                        <Unicode>Du</Unicode>
                    </TextEquiv>
                </Word>
                <Word id="r1l2_w7" custom="readingOrder {index:6;}">
                    <Coords points="2360,626 2360,686 2954,686 2954,626"/>
                    <TextEquiv>
                        <Unicode>wünſcheſt,</Unicode>
                    </TextEquiv>
                </Word>
                <Word id="r1l2_w8" custom="readingOrder {index:7;}">
                    <Coords points="2995,636 2995,696 3160,696 3160,636"/>
                    <TextEquiv>
                        <Unicode>daß</Unicode>
                    </TextEquiv>
                </Word>
                <TextEquiv>
                    <Unicode>Fräulein G. mit, – wenn Du wünſcheſt, daß</Unicode>
                </TextEquiv>
            </TextLine>
            <TextLine id="r1l3" custom="readingOrder {index:2;}">
                <Coords points="285,859 333,857 411,925 563,835 647,837 787,936 846,920 914,954 1085,865 1201,868 1204,784 979,715 905,768 812,710 664,775 555,732 335,769 288,746"/>
                <Baseline points="306,815 349,817 393,819 437,821 481,823 525,824 569,825 613,827 657,828 701,830 745,830 788,831 832,833 876,833 920,834 964,836 1008,837 1052,839 1096,840 1140,842 1184,843"/>
                <Word id="r1l3_w1" custom="readingOrder {index:0;}">
                    <Coords points="295,777 295,837 445,837 445,777"/>
                    <TextEquiv>
                        <Unicode>ich</Unicode>
                    </TextEquiv>
                </Word>
                <Word id="r1l3_w2" custom="readingOrder {index:1;}">
                    <Coords points="509,784 509,844 605,844 605,784"/>
                    <TextEquiv>
                        <Unicode>ſie</Unicode>
                    </TextEquiv>
                </Word>
                <Word id="r1l3_w3" custom="readingOrder {index:2;}">
                    <Coords points="669,793 669,853 1139,853 1139,793"/>
                    <TextEquiv>
                        <Unicode>aufföche.</Unicode>
                    </TextEquiv>
                </Word>
                <TextEquiv>
                    <Unicode>ich ſie aufſuche.</Unicode>
                </TextEquiv>
            </TextLine>
            <TextLine id="r1l4" custom="readingOrder {index:3;} structure {type:paragraph;} place {offset:23; length:6;}">
                <Coords points="653,1100 1115,1151 1323,1028 1637,1018 2550,1146 2873,1080 2875,1000 2570,931 2331,1016 2070,915 1875,991 1315,904 842,955 658,888"/>
                <Baseline points="674,1020 783,1020 892,1022 1001,1023 1110,1025 1219,1026 1328,1029 1437,1032 1546,1034 1655,1037 1764,1040 1873,1043 1982,1046 2091,1049 2200,1052 2309,1055 2418,1058 2527,1061 2636,1063 2745,1065 2855,1067"/>
                <Word id="r1l4_w1" custom="readingOrder {index:0;}">
                    <Coords points="662,980 662,1040 866,1040 866,980"/>
                    <TextEquiv>
                        <Unicode>Ich</Unicode>
                    </TextEquiv>
                </Word>
                <Word id="r1l4_w2" custom="readingOrder {index:1;}">
                    <Coords points="915,983 915,1043 1090,1043 1090,983"/>
                    <TextEquiv>
                        <Unicode>hoffe</Unicode>
                    </TextEquiv>
                </Word>
                <Word id="r1l4_w3" custom="readingOrder {index:2;}">
                    <Coords points="1138,985 1138,1045 1275,1045 1275,985"/>
                    <TextEquiv>
                        <Unicode>Dich</Unicode>
                    </TextEquiv>
                </Word>
                <Word id="r1l4_w4" custom="readingOrder {index:3;}">
                    <Coords points="1382,992 1382,1052 1587,1052 1587,992"/>
                    <TextEquiv>
                        <Unicode>bald</Unicode>
                    </TextEquiv>
                </Word>
                <Word id="r1l4_w5" custom="readingOrder {index:4;}">
                    <Coords points="1705,999 1705,1059 1792,1059 1792,999"/>
                    <TextEquiv>
                        <Unicode>in</Unicode>
                    </TextEquiv>
                </Word>
                <Word id="r1l4_w6" custom="readingOrder {index:5;}">
                    <Coords points="1890,1007 1890,1067 2202,1067 2202,1007"/>
                    <TextEquiv>
                        <Unicode>Berlir</Unicode>
                    </TextEquiv>
                </Word>
                <Word id="r1l4_w7" custom="readingOrder {index:6;}">
                    <Coords points="2279,1015 2279,1075 2357,1075 2357,1015"/>
                    <TextEquiv>
                        <Unicode>zu</Unicode>
                    </TextEquiv>
                </Word>
                <Word id="r1l4_w8" custom="readingOrder {index:7;}">
                    <Coords points="2513,1023 2513,1083 2815,1083 2815,1023"/>
                    <TextEquiv>
                        <Unicode>ſehen.</Unicode>
                    </TextEquiv>
                </Word>
                <TextEquiv>
                    <Unicode>Ich hoffe Dich bald in Berlin zu ſehen.</Unicode>
                </TextEquiv>
            </TextLine>
            <TextLine id="r1l5" custom="readingOrder {index:4;} structure {type:paragraph;} date {offset:0; length:5;}">
                <Coords points="569,1264 1081,1225 1466,1345 1665,1223 2026,1201 2978,1322 3154,1247 3155,1094 3016,1081 2844,1189 2483,1113 570,1133"/>
                <Baseline points="588,1203 715,1209 842,1212 969,1217 1097,1218 1224,1220 1351,1221 1479,1221 1606,1221 1733,1221 1861,1220 1988,1220 2115,1220 2242,1220 2370,1221 2497,1223 2624,1225 2752,1228 2879,1232 3006,1238 3134,1244"/>
                <Word id="r1l5_w1" custom="readingOrder {index:0;}">
                    <Coords points="575,1169 575,1229 912,1229 912,1169"/>
                    <TextEquiv>
                        <Unicode>Heole</Unicode>
                    </TextEquiv>
                </Word>
                <Word id="r1l5_w2" custom="readingOrder {index:1;}">
                    <Coords points="996,1179 996,1239 1427,1239 1427,1179"/>
                    <TextEquiv>
                        <Unicode>wünſche</Unicode>
                    </TextEquiv>
                </Word>
                <Word id="r1l5_w3" custom="readingOrder {index:2;}">
                    <Coords points="1544,1181 1544,1241 1629,1241 1629,1181"/>
                    <TextEquiv>
                        <Unicode>ich</Unicode>
                    </TextEquiv>
                </Word>
                <Word id="r1l5_w4" custom="readingOrder {index:3;}">
                    <Coords points="1722,1180 1722,1240 1899,1240 1899,1180"/>
                    <TextEquiv>
                        <Unicode>Dir</Unicode>
                    </TextEquiv>
                </Word>
                <Word id="r1l5_w5" custom="readingOrder {index:4;}">
                    <Coords points="2101,1180 2101,1240 2295,1240 2295,1180"/>
                    <TextEquiv>
                        <Unicode>von</Unicode>
                    </TextEquiv>
                </Word>
                <Word id="r1l5_w6" custom="readingOrder {index:5;}">
                    <Coords points="2397,1184 2397,1244 2784,1244 2784,1184"/>
                    <TextEquiv>
                        <Unicode>Herzen</Unicode>
                    </TextEquiv>
                </Word>
                <Word id="r1l5_w7" custom="readingOrder {index:6;}">
                    <Coords points="2894,1197 2894,1257 3096,1257 3096,1197"/>
                    <TextEquiv>
                        <Unicode>frohe</Unicode>
                    </TextEquiv>
                </Word>
                <TextEquiv>
                    <Unicode>Heute wünſche ich Dir von Herzen frohe</Unicode>
                </TextEquiv>
            </TextLine>
            <TextLine id="r1l6" custom="readingOrder {index:5;} date {offset:0; length:11;} date {offset:38; length:4;}">
                <Coords points="295,1430 451,1508 992,1392 1740,1475 1865,1399 2086,1532 2277,1395 2973,1510 3185,1461 3186,1370 2880,1283 1033,1352 296,1240"/>
                <Baseline points="314,1352 456,1366 599,1376 741,1385 884,1391 1027,1395 1169,1397 1312,1398 1455,1398 1597,1397 1740,1395 1883,1394 2025,1392 2168,1391 2311,1391 2453,1391 2596,1391 2739,1394 2881,1398 3071,1398 3214,1406"/>
                <Word id="r1l6_w1" custom="readingOrder {index:0;}">
                    <Coords points="304,1340 304,1400 1044,1400 1044,1340"/>
                    <TextEquiv>
                        <Unicode>Weihnachten</Unicode>
                    </TextEquiv>
                </Word>
                <Word id="r1l6_w2" custom="readingOrder {index:1;}">
                    <Coords points="1215,1357 1215,1417 1384,1417 1384,1357"/>
                    <TextEquiv>
                        <Unicode>und</Unicode>
                    </TextEquiv>
                </Word>
                <Word id="r1l6_w3" custom="readingOrder {index:2;}">
                    <Coords points="1514,1357 1514,1417 1645,1417 1645,1357"/>
                    <TextEquiv>
                        <Unicode>ein</Unicode>
                    </TextEquiv>
                </Word>
                <Word id="r1l6_w4" custom="readingOrder {index:3;}">
                    <Coords points="1774,1351 1774,1411 2284,1411 2284,1351"/>
                    <TextEquiv>
                        <Unicode>glückliches</Unicode>
                    </TextEquiv>
                </Word>
                <Word id="r1l6_w5" custom="readingOrder {index:4;}">
                    <Coords points="2415,1351 2415,1411 2724,1411 2724,1351"/>
                    <TextEquiv>
                        <Unicode>ws</Unicode>
                    </TextEquiv>
                </Word>
                <Word id="r1l6_w6" custom="readingOrder {index:5;}">
                    <Coords points="2825,1359 2825,1419 3025,1419 3025,1359"/>
                    <TextEquiv>
                        <Unicode>Jahr</Unicode>
                    </TextEquiv>
                </Word>
                <TextEquiv>
                    <Unicode>Weihnachten und ein glückliches neues Jahr.</Unicode>
                </TextEquiv>
            </TextLine>
            <TextLine id="r1l7" custom="readingOrder {index:6;} structure {type:paragraph;} person {offset:6; length:6;}">
                <Coords points="656,1612 3113,1617 3114,1537 2808,1467 2628,1545 658,1495"/>
                <Baseline points="675,1538 796,1546 917,1553 1038,1559 1159,1563 1280,1568 1401,1571 1522,1574 1643,1577 1764,1578 1885,1580 2006,1580 2127,1581 2248,1581 2369,1581 2490,1581 2611,1581 2732,1581 2853,1581 2974,1581 3096,1581"/>
                <Word id="r1l7_w1" custom="readingOrder {index:0;}">
                    <Coords points="657,1506 657,1566 950,1566 950,1506"/>
                    <TextEquiv>
                        <Unicode>Hauin</Unicode>
                    </TextEquiv>
                </Word>
                <Word id="r1l7_w2" custom="readingOrder {index:1;}">
                    <Coords points="1151,1528 1151,1588 1473,1588 1473,1528"/>
                    <TextEquiv>
                        <Unicode>Mutter</Unicode>
                    </TextEquiv>
                </Word>
                <Word id="r1l7_w3" custom="readingOrder {index:2;}">
                    <Coords points="1605,1537 1605,1597 1743,1597 1743,1537"/>
                    <TextEquiv>
                        <Unicode>uud</Unicode>
                    </TextEquiv>
                </Word>
                <Word id="r1l7_w4" custom="readingOrder {index:3;}">
                    <Coords points="1876,1540 1876,1600 2146,1600 2146,1540"/>
                    <TextEquiv>
                        <Unicode>maii</Unicode>
                    </TextEquiv>
                </Word>
                <Word id="r1l7_w5" custom="readingOrder {index:4;}">
                    <Coords points="2272,1541 2272,1601 2675,1601 2675,1541"/>
                    <TextEquiv>
                        <Unicode>anddern,</Unicode>
                    </TextEquiv>
                </Word>
                <Word id="r1l7_w6" custom="readingOrder {index:5;}">
                    <Coords points="2795,1541 2795,1601 3083,1601 3083,1541"/>
                    <TextEquiv>
                        <Unicode>Rer¬</Unicode>
                    </TextEquiv>
                </Word>
                <TextEquiv>
                    <Unicode>Meine Mutter und meine andern Ver¬</Unicode>
                </TextEquiv>
            </TextLine>
            <TextLine id="r1l8" custom="readingOrder {index:7;}">
                <Coords points="322,1702 2046,1844 2574,1717 2956,1759 3017,1611 1742,1709 324,1563"/>
                <Baseline points="339,1673 471,1688 604,1701 737,1711 870,1722 1003,1728 1136,1735 1269,1740 1402,1743 1535,1745 1668,1746 1800,1746 1933,1746 2066,1745 2199,1743 2332,1742 2465,1739 2598,1736 2731,1733 2864,1731 2997,1728"/>
                <Word id="r1l8_w1" custom="readingOrder {index:0;}">
                    <Coords points="328,1662 328,1722 931,1722 931,1662"/>
                    <TextEquiv>
                        <Unicode>weralten</Unicode>
                    </TextEquiv>
                </Word>
                <Word id="r1l8_w2" custom="readingOrder {index:1;}">
                    <Coords points="1023,1699 1023,1759 1495,1759 1495,1699"/>
                    <TextEquiv>
                        <Unicode>erwidere</Unicode>
                    </TextEquiv>
                </Word>
                <Word id="r1l8_w3" custom="readingOrder {index:2;}">
                    <Coords points="1627,1706 1627,1766 1892,1766 1892,1706"/>
                    <TextEquiv>
                        <Unicode>Deine</Unicode>
                    </TextEquiv>
                </Word>
                <Word id="r1l8_w4" custom="readingOrder {index:3;}">
                    <Coords points="1991,1703 1991,1763 2289,1763 2289,1703"/>
                    <TextEquiv>
                        <Unicode>Grüße</Unicode>
                    </TextEquiv>
                </Word>
                <Word id="r1l8_w5" custom="readingOrder {index:4;}">
                    <Coords points="2397,1698 2397,1758 2546,1758 2546,1698"/>
                    <TextEquiv>
                        <Unicode>und</Unicode>
                    </TextEquiv>
                </Word>
                <Word id="r1l8_w6" custom="readingOrder {index:5;}">
                    <Coords points="2628,1692 2628,1752 2943,1752 2943,1692"/>
                    <TextEquiv>
                        <Unicode>bitten</Unicode>
                    </TextEquiv>
                </Word>
                <TextEquiv>
                    <Unicode>wandten erwidern Deine Grüße und bitten</Unicode>
                </TextEquiv>
            </TextLine>
            <TextLine id="r1l9" custom="readingOrder {index:8;}">
                <Coords points="282,1990 642,1893 1467,1921 1621,2016 3174,1971 3148,1846 2343,1764 2023,1858 287,1815"/>
                <Baseline points="305,1862 447,1869 590,1877 732,1884 875,1890 1017,1897 1160,1904 1302,1908 1445,1914 1587,1919 1730,1923 1873,1926 2015,1930 2158,1932 2300,1934 2443,1935 2585,1935 2728,1935 2870,1934 3108,1941 3251,1938"/>
                <Word id="r1l9_w1" custom="readingOrder {index:0;}">
                    <Coords points="289,1828 289,1888 601,1888 601,1828"/>
                    <TextEquiv>
                        <Unicode>mich,</Unicode>
                    </TextEquiv>
                </Word>
                <Word id="r1l9_w2" custom="readingOrder {index:1;}">
                    <Coords points="663,1844 663,1904 815,1904 815,1844"/>
                    <TextEquiv>
                        <Unicode>Dir</Unicode>
                    </TextEquiv>
                </Word>
                <Word id="r1l9_w3" custom="readingOrder {index:2;}">
                    <Coords points="949,1857 949,1917 1118,1917 1118,1857"/>
                    <TextEquiv>
                        <Unicode>ihre</Unicode>
                    </TextEquiv>
                </Word>
                <Word id="r1l9_w4" custom="readingOrder {index:3;}">
                    <Coords points="1234,1882 1234,1942 2214,1942 2214,1882"/>
                    <TextEquiv>
                        <Unicode>Feiertagswürſche</Unicode>
                    </TextEquiv>
                </Word>
                <Word id="r1l9_w5" custom="readingOrder {index:4;}">
                    <Coords points="2285,1894 2285,1954 2366,1954 2366,1894"/>
                    <TextEquiv>
                        <Unicode>zu</Unicode>
                    </TextEquiv>
                </Word>
                <Word id="r1l9_w6" custom="readingOrder {index:5;}">
                    <Coords points="2446,1894 2446,1954 3106,1954 3106,1894"/>
                    <TextEquiv>
                        <Unicode>übernotteln</Unicode>
                    </TextEquiv>
                </Word>
                <TextEquiv>
                    <Unicode>mich, Dir ihre Feiertagswünſche zu übermitteln.</Unicode>
                </TextEquiv>
            </TextLine>
            <TextLine id="r1l10" custom="readingOrder {index:9;} structure {type:paragraph;} person {offset:40; length:6;}">
                <Coords points="734,2116 934,2153 1136,2066 1429,2194 1854,2126 1995,2203 2187,2105 3131,2155 3178,2050 737,1973"/>
                <Baseline points="752,2069 872,2072 992,2075 1112,2076 1232,2079 1353,2081 1473,2082 1593,2084 1713,2085 1833,2087 1954,2089 2074,2091 2194,2094 2314,2097 2434,2100 2555,2103 2675,2108 2795,2113 2955,2093 3263,2173 3344,2205"/>
                <Word id="r1l10_w1" custom="readingOrder {index:0;}">
                    <Coords points="741,2033 741,2093 1086,2093 1086,2033"/>
                    <TextEquiv>
                        <Unicode>Eberſo</Unicode>
                    </TextEquiv>
                </Word>
                <Word id="r1l10_w2" custom="readingOrder {index:1;}">
                    <Coords points="1202,2040 1202,2100 1414,2100 1414,2040"/>
                    <TextEquiv>
                        <Unicode>bitte</Unicode>
                    </TextEquiv>
                </Word>
                <Word id="r1l10_w3" custom="readingOrder {index:2;}">
                    <Coords points="1467,2042 1467,2102 1557,2102 1557,2042"/>
                    <TextEquiv>
                        <Unicode>ich</Unicode>
                    </TextEquiv>
                </Word>
                <Word id="r1l10_w4" custom="readingOrder {index:3;}">
                    <Coords points="1671,2046 1671,2106 1893,2106 1893,2046"/>
                    <TextEquiv>
                        <Unicode>Dich,</Unicode>
                    </TextEquiv>
                </Word>
                <Word id="r1l10_w5" custom="readingOrder {index:4;}">
                    <Coords points="1964,2050 1964,2110 2123,2110 2123,2050"/>
                    <TextEquiv>
                        <Unicode>nuch</Unicode>
                    </TextEquiv>
                </Word>
                <Word id="r1l10_w6" custom="readingOrder {index:5;}">
                    <Coords points="2195,2057 2195,2117 2478,2117 2478,2057"/>
                    <TextEquiv>
                        <Unicode>Deiner</Unicode>
                    </TextEquiv>
                </Word>
                <Word id="r1l10_w7" custom="readingOrder {index:6;}">
                    <Coords points="2594,2069 2594,2129 2815,2129 2815,2069"/>
                    <TextEquiv>
                        <Unicode>Freu</Unicode>
                    </TextEquiv>
                </Word>
                <Word id="r1l10_w8" custom="readingOrder {index:7;}">
                    <Coords points="2930,2084 2930,2144 3134,2144 3134,2084"/>
                    <TextEquiv>
                        <Unicode>Mut</Unicode>
                    </TextEquiv>
                </Word>
                <TextEquiv>
                    <Unicode>Ebenſo bitte ich Dich, mich Deiner Frau Mutter,</Unicode>
                </TextEquiv>
            </TextLine>
            <TextLine id="r1l11" custom="readingOrder {index:10;} person {offset:12; length:9;} person {offset:30; length:6;}">
                <Coords points="278,2214 1252,2356 3054,2318 3057,2204 2963,2191 1351,2224 282,2082"/>
                <Baseline points="296,2198 440,2211 584,2223 728,2235 872,2244 1016,2252 1160,2260 1305,2265 1449,2270 1593,2274 1737,2278 1881,2280 2025,2283 2170,2285 2314,2286 2458,2286 2602,2288 2746,2288 3123,2329 3268,2329"/>
                <Word id="r1l11_w1" custom="readingOrder {index:0;}">
                    <Coords points="284,2175 284,2235 692,2235 692,2175"/>
                    <TextEquiv>
                        <Unicode>Deiner</Unicode>
                    </TextEquiv>
                </Word>
                <Word id="r1l11_w2" custom="readingOrder {index:1;}">
                    <Coords points="757,2203 757,2263 985,2263 985,2203"/>
                    <TextEquiv>
                        <Unicode>Frau</Unicode>
                    </TextEquiv>
                </Word>
                <Word id="r1l11_w3" custom="readingOrder {index:2;}">
                    <Coords points="1108,2229 1108,2289 1736,2289 1736,2229"/>
                    <TextEquiv>
                        <Unicode>Schweſter,</Unicode>
                    </TextEquiv>
                </Word>
                <Word id="r1l11_w4" custom="readingOrder {index:3;}">
                    <Coords points="1752,2240 1752,2300 2095,2300 2095,2240"/>
                    <TextEquiv>
                        <Unicode>Deinen</Unicode>
                    </TextEquiv>
                </Word>
                <Word id="r1l11_w5" custom="readingOrder {index:4;}">
                    <Coords points="2201,2246 2201,2306 2495,2306 2495,2246"/>
                    <TextEquiv>
                        <Unicode>Bruder</Unicode>
                    </TextEquiv>
                </Word>
                <Word id="r1l11_w6" custom="readingOrder {index:5;}">
                    <Coords points="2641,2248 2641,2308 2788,2308 2788,2248"/>
                    <TextEquiv>
                        <Unicode>und</Unicode>
                    </TextEquiv>
                </Word>
                <Word id="r1l11_w7" custom="readingOrder {index:6;}">
                    <Coords points="2871,2248 2871,2308 3033,2308 3033,2248"/>
                    <TextEquiv>
                        <Unicode>Dis</Unicode>
                    </TextEquiv>
                </Word>
                <TextEquiv>
                    <Unicode>Deiner Frau Schweſter, Deinem Bruder und Deinem</Unicode>
                </TextEquiv>
            </TextLine>
            <TextLine id="r1l12" custom="readingOrder {index:11;} person {offset:0; length:8;}">
                <Coords points="339,2480 1008,2439 1301,2567 2358,2473 2593,2574 3052,2483 3007,2372 896,2396 344,2287"/>
                <Baseline points="359,2397 492,2409 626,2421 760,2430 894,2438 1028,2444 1161,2450 1295,2455 1429,2459 1563,2462 1697,2463 1830,2466 1964,2468 2098,2469 2232,2469 2366,2471 2499,2472 2633,2474 2767,2475 3017,2481 3151,2484"/>
                <Word id="r1l12_w1" custom="readingOrder {index:0;}">
                    <Coords points="348,2378 348,2438 854,2438 854,2378"/>
                    <TextEquiv>
                        <Unicode>Schweger</Unicode>
                    </TextEquiv>
                </Word>
                <Word id="r1l12_w2" custom="readingOrder {index:1;}">
                    <Coords points="931,2401 931,2461 1007,2461 1007,2401"/>
                    <TextEquiv>
                        <Unicode>zu</Unicode>
                    </TextEquiv>
                </Word>
                <Word id="r1l12_w3" custom="readingOrder {index:2;}">
                    <Coords points="1132,2417 1132,2477 1647,2477 1647,2417"/>
                    <TextEquiv>
                        <Unicode>eropfohlen</Unicode>
                    </TextEquiv>
                </Word>
                <Word id="r1l12_w4" custom="readingOrder {index:3;}">
                    <Coords points="1744,2425 1744,2485 1877,2485 1877,2425"/>
                    <TextEquiv>
                        <Unicode>und</Unicode>
                    </TextEquiv>
                </Word>
                <Word id="r1l12_w5" custom="readingOrder {index:4;}">
                    <Coords points="1954,2428 1954,2488 2221,2488 2221,2428"/>
                    <TextEquiv>
                        <Unicode>Grun</Unicode>
                    </TextEquiv>
                </Word>
                <Word id="r1l12_w6" custom="readingOrder {index:5;}">
                    <Coords points="2289,2430 2289,2490 2412,2490 2412,2430"/>
                    <TextEquiv>
                        <Unicode>ein</Unicode>
                    </TextEquiv>
                </Word>
                <Word id="r1l12_w7" custom="readingOrder {index:6;}">
                    <Coords points="2537,2434 2537,2494 2795,2494 2795,2434"/>
                    <TextEquiv>
                        <Unicode>frohes</Unicode>
                    </TextEquiv>
                </Word>
                <Word id="r1l12_w8" custom="readingOrder {index:7;}">
                    <Coords points="2901,2439 2901,2499 3015,2499 3015,2439"/>
                    <TextEquiv>
                        <Unicode>Pa</Unicode>
                    </TextEquiv>
                </Word>
                <TextEquiv>
                    <Unicode>Schwager zu empfehlen und ihnen ein frohes Fest</Unicode>
                </TextEquiv>
            </TextLine>
            <TextLine id="r1l13" custom="readingOrder {index:12;}">
                <Coords points="323,2682 491,2604 655,2622 769,2698 936,2639 1141,2653 1140,2555 1067,2540 998,2559 910,2519 823,2545 731,2523 651,2567 578,2527 516,2542 436,2491 370,2528 323,2514"/>
                <Baseline points="341,2628 380,2624 419,2622 458,2619 497,2618 536,2616 575,2616 614,2615 653,2615 692,2615 731,2615 770,2615 809,2615 848,2616 887,2616 926,2618 965,2618 1004,2619 1043,2619 1082,2619 1121,2621"/>
                <Word id="r1l13_w1" custom="readingOrder {index:0;}">
                    <Coords points="326,2583 326,2643 472,2643 472,2583"/>
                    <TextEquiv>
                        <Unicode>zu</Unicode>
                    </TextEquiv>
                </Word>
                <Word id="r1l13_w2" custom="readingOrder {index:1;}">
                    <Coords points="575,2575 575,2635 1067,2635 1067,2575"/>
                    <TextEquiv>
                        <Unicode>wünſchen.</Unicode>
                    </TextEquiv>
                </Word>
                <TextEquiv>
                    <Unicode>zu wünſchen.</Unicode>
                </TextEquiv>
            </TextLine>
            <TextLine id="r1l14" custom="readingOrder {index:13;} closer {offset:0; length:15; continued:true;}">
                <Coords points="1294,2842 1438,2841 1565,2923 1650,2879 1733,2935 1877,2886 2045,2931 2144,2896 2198,2942 2449,2958 2644,2954 2653,2863 2379,2849 2339,2805 2165,2858 1823,2752 1590,2775 1451,2699 1307,2704"/>
                <Baseline points="1317,2816 1382,2823 1448,2831 1513,2839 1579,2846 1644,2854 1710,2860 1775,2868 1841,2875 1906,2881 1972,2887 2037,2894 2103,2899 2168,2905 2234,2911 2299,2916 2365,2920 2430,2925 2496,2930 2561,2934 2627,2937"/>
                <Word id="r1l14_w1" custom="readingOrder {index:0;}">
                    <Coords points="1304,2788 1304,2848 1556,2848 1556,2788"/>
                    <TextEquiv>
                        <Unicode>Von</Unicode>
                    </TextEquiv>
                </Word>
                <Word id="r1l14_w2" custom="readingOrder {index:1;}">
                    <Coords points="1620,2830 1620,2890 1978,2890 1978,2830"/>
                    <TextEquiv>
                        <Unicode>Herzen</Unicode>
                    </TextEquiv>
                </Word>
                <Word id="r1l14_w3" custom="readingOrder {index:2;}">
                    <Coords points="2241,2883 2241,2943 2588,2943 2588,2883"/>
                    <TextEquiv>
                        <Unicode>Dein</Unicode>
                    </TextEquiv>
                </Word>
                <TextEquiv>
                    <Unicode>Von Herzen Dein</Unicode>
                </TextEquiv>
            </TextLine>
            <TextLine id="line_1673272922517_436" custom="readingOrder {index:14;} signed {offset:0; length:13;} closer {offset:0; length:13; continued:true;} letter-end {offset:13; length:0;}">
                <Coords points="1327,3040 2129,3059 2612,3207 2607,3294 1818,3296 1320,3189"/>
                <Baseline points="1182,3186 1207,3188 1389,3165 1415,3166 1441,3167 1467,3168 1493,3169 1518,3170 1544,3171 1570,3173 1596,3175 1622,3177 1648,3179 1674,3180 1839,3219 1876,3221 1914,3223 1951,3225 1989,3227 2027,3228 2064,3230 2102,3233 2140,3234 2177,3236 2215,3237 2253,3239 2290,3240 2328,3242 2366,3244 2403,3246 2441,3248 2479,3250 2516,3252 2554,3255 2592,3257"/>
                <Word id="r1l15_w1" custom="readingOrder {index:0;}">
                    <Coords points="1317,3128 1317,3188 1646,3188 1646,3128"/>
                    <TextEquiv>
                        <Unicode>Paul</Unicode>
                    </TextEquiv>
                </Word>
                <Word id="r1l16_w1" custom="readingOrder {index:1;}">
                    <Coords points="1827,3196 1827,3256 2571,3256 2571,3196"/>
                    <TextEquiv>
                        <Unicode>Goldmann</Unicode>
                    </TextEquiv>
                </Word>
                <TextEquiv>
                    <Unicode>Paul Goldmann</Unicode>
                </TextEquiv>
            </TextLine>
            <TextEquiv>
                <Unicode>Bitte, theile mir die Berliner Adreſſe von
Fräulein G. mit, – wenn Du wünſcheſt, daß
ich ſie aufſuche.
Ich hoffe Dich bald in Berlin zu ſehen.
Heute wünſche ich Dir von Herzen frohe
Weihnachten und ein glückliches neues Jahr.
Meine Mutter und meine andern Ver¬
wandten erwidern Deine Grüße und bitten
mich, Dir ihre Feiertagswünſche zu übermitteln.
Ebenſo bitte ich Dich, mich Deiner Frau Mutter,
Deiner Frau Schweſter, Deinem Bruder und Deinem
Schwager zu empfehlen und ihnen ein frohes Fest
zu wünſchen.
Von Herzen Dein
Paul Goldmann</Unicode>
            </TextEquiv>
        </TextRegion>
    </Page>
</PcGts>
