1143 1431
53 127 258 187 Regel,
269 127 355 187 mir
393 129 766 189 mntzutheilen.
800 140 855 200 Ich
881 151 986 211 habe

72 201 153 261 It
178 203 366 263 genug,
377 203 524 263 wenn
544 203 590 263 ich
600 205 686 265 das
742 234 1063 294 Bewußtſein

87 283 288 343 hatte,
299 282 408 342 eine
442 282 599 342 Arbeit
633 283 732 343 von
776 297 977 357 Werth

53 356 293 416 vollendet
321 350 364 410 zu
392 350 541 410 haben,
561 353 663 413 mich
691 358 817 418 nach
849 372 1030 432 einem

51 426 207 486 Wort
228 426 299 486 der
323 424 660 484 Zuſtimmung
688 432 790 492 von
844 442 1007 502 Deiner

62 503 232 563 Seite
260 503 462 563 geſehnt,
485 500 581 560 und
604 501 664 561 oft
711 504 889 564 genug
920 507 988 567 iſt

77 577 206 637 dieſes
259 577 381 637 Wort
407 577 475 637 der
502 575 893 635 Zuſtiemung

82 656 483 716 ausgeblieben.
513 651 761 711 Pünktlich
808 657 919 717 und

88 733 396 793 ausführlich
427 731 620 791 ſchreibſt
664 724 726 784 Du
796 731 923 791 mir

63 819 259 879 mir,
273 816 461 876 wenn
509 805 569 865 Du
612 798 686 858 an
717 804 981 864 meinen

65 892 315 952 Arbeiten
335 886 524 946 etwas
562 882 612 942 zu
654 879 855 939 tadeln
897 887 1028 947 haſt.

249 977 376 1037 So,
387 977 465 1037 und
518 975 607 1035 nun
632 969 841 1029 genug.

216 1064 317 1124 Ich
337 1067 426 1127 habe
442 1063 539 1123 mich
564 1057 669 1117 von
698 1061 916 1121 Herzen

104 1156 343 1216 gefreut,
359 1142 518 1202 endlich
566 1135 747 1195 vieder
784 1146 1028 1206 riimmal

70 1242 282 1302 etwas
325 1233 422 1293 von
449 1228 524 1288 Dir
576 1225 599 1285 z
677 1221 896 1281 höien,
922 1228 1007 1288 und

110 1320 240 1380 habe
277 1314 380 1374 mich
420 1312 740 1372 insbeſondern
784 1306 984 1366 gefrent
