1211 1442
58 212 262 272 wieder
292 214 342 274 in
371 216 522 276 Frage
543 224 760 284 geſtellt.

161 302 393 362 Vielleicht
413 306 541 366 kann
562 304 606 364 ich
631 304 717 364 doch
741 310 1035 370 wenigtens

59 376 301 436 Montag
325 380 432 440 (27.
446 382 577 442 Juli)
606 390 804 450 fahren.
839 384 1013 444 Dann

50 453 241 513 bleibe
260 450 301 510 ich
328 452 466 512 einen
492 454 586 514 Tag
605 454 654 514 in
684 456 913 516 Breslau

69 526 334 586 zweioder
368 520 463 580 drei
490 519 613 579 Tage
633 523 695 583 in
729 528 858 588 Kile,
879 540 974 600 gehr

58 605 273 665 hierauf
305 603 365 663 an
390 602 461 662 den
517 600 807 660 Wortherſee
846 610 910 670 zu

65 682 352 742 Hirschpld
394 677 480 737 und
521 680 710 740 werde
731 685 1035 745 irgendwo

45 756 189 816 dort
217 760 464 820 wohnen.
481 758 588 818 Das
617 765 740 825 Beſte
765 764 864 824 alſo
889 769 984 829 iſt,

52 844 144 904 Du
181 848 352 908 ſendeſt
380 844 482 904 mir
556 844 778 904 weitere
815 862 1027 922 Nachricht

57 929 167 989 dn
197 929 253 989 die
276 926 461 986 Adrſſe
484 927 571 987 von
631 935 983 995 Hirschfalzl

56 1002 117 1062 in
143 1006 323 1066 Seekirn
376 1008 424 1068 Ich
450 1010 582 1070 möchte
599 1008 669 1068 am
722 1021 1019 1081 Worthetſen

48 1090 165 1150 nicht
190 1086 471 1146 allzulange
496 1096 706 1156 bleiben,
719 1109 992 1169 Richard,

49 1158 149 1218 der
172 1162 260 1222 mur
306 1169 509 1229 während
536 1172 601 1232 des
635 1178 820 1238 ganzen
858 1206 1007 1266 Jahres

64 1235 188 1295 kein
222 1242 338 1302 Wort
361 1254 593 1314 geſchrieben
647 1262 725 1322 und
748 1263 837 1323 auch
860 1276 960 1336 jetzt

94 1320 200 1380 ſich
228 1322 320 1382 nicht
358 1330 546 1390 einmal
577 1336 625 1396 zu
684 1337 831 1397 einer
862 1337 1012 1397 Zeile
