3746 4562
369 481 715 541 haben
773 488 984 548 aber
1077 494 1271 554 nicht
1372 504 1844 564 gewagt,
1895 513 2064 573 Dir
2156 524 2459 584 ſelbſt
2595 538 2670 598 zu
2806 563 3319 623 ſchreiben,

384 642 774 702 Meine
842 654 1215 714 Mätter
1317 653 1427 713 iſt
1563 649 2309 709 gegenwärtig
2428 656 2538 716 in
2666 693 3343 753 Wiesbaden.

734 826 962 886 daß
1054 820 1198 880 Dir
1274 818 1408 878 der
1510 822 2185 882 Bauernfeld
2260 836 2277 896 -
2404 848 2649 908 Preis
2808 867 2901 927 zu
3027 886 3222 946 Theil

404 979 1008 1039 geworden,
1131 990 1267 1050 hat
1355 993 1525 1053 uns
1647 996 1824 1056 Alle
1926 999 2095 1059 hier
2232 1005 2408 1065 ſehr
2483 1024 3053 1084 gefreut.

350 1109 604 1169 Das
673 1133 765 1193 iſt
834 1144 1035 1204 ſchön
1127 1145 1297 1205 und
1404 1144 2197 1204 ihrenvoll...

631 1276 1067 1336 Liebſter
1131 1286 1525 1346 Freund,
1632 1298 1733 1358 Du
1833 1311 2111 1371 nößt
2191 1325 2413 1385 ſtark
2570 1335 2784 1395 ſein
2935 1340 3149 1400 und

344 1414 721 1474 mußt
777 1417 921 1477 Dich
993 1421 1073 1481 in
1162 1426 1314 1486 das
1441 1451 2203 1511 Unebänderliche
2276 1480 2668 1540 fügen!
2764 1493 2820 1553 Es
2892 1498 2981 1558 iſt
3061 1503 3221 1563 vorl

382 1572 950 1632 verloren,
991 1584 1156 1644 und
1254 1592 1419 1652 doch
1474 1597 1600 1657 iſt
1696 1606 1946 1666 nichts
2042 1614 2124 1674 zu
2236 1625 2527 1685 Eile!
2623 1639 2831 1699 And
2914 1655 3191 1715 dann

366 1724 619 1784 haſt
695 1744 789 1804 Du
901 1762 1099 1822 vier
1174 1778 1390 1838 Jahre
1494 1794 1917 1854 glücklich
2011 1801 2227 1861 ſein
2303 1801 2754 1861 dürhen,
2838 1792 3045 1852 wie

354 1897 869 1957 Wenige.
1006 1935 1117 1995 Ich
1195 1949 1702 2009 vorſichere
1813 1954 2063 2014 Dich:
2174 1957 2484 2017 wenn
2544 1962 2706 2022 das
2826 1978 3204 2038 Schikſae

363 2049 618 2109 nur
738 2083 937 2143 vier
1072 2107 1320 2167 Jahrr
1439 2123 1758 2183 ſolchen
1894 2131 2301 2191 Glückes
2396 2130 2699 2190 geben
2859 2125 3201 2185 wollte

331 2227 608 2287 um
676 2254 825 2314 den
943 2274 1280 2334 Preis,
1299 2281 1458 2341 daß
1586 2284 1675 2344 ich
1754 2285 2011 2345 dann
2070 2285 2347 2345 einen
2465 2294 2910 2354 Schuerz

345 2417 1060 2477 Dnerhnrachen
1185 2446 1601 2506 wößte,
1667 2450 1850 2510 wie
1908 2450 2025 2510 Du
2116 2450 2232 2510 ihn
2324 2452 2524 2512 jetzt
2615 2460 3006 2520 erlebſt
3156 2472 3181 2532 –

349 2553 507 2613 ich
574 2577 899 2637 würde
1000 2605 1602 2665 ohneweiters
1743 2624 2487 2684 zuſtimmen.
2545 2638 2788 2698 Dieſe
2854 2651 3155 2711 arnr

334 2698 688 2758 Frau
772 2733 866 2793 iſt
931 2769 1744 2829 dahirgegangen
1838 2793 2238 2853 nochdem
2305 2797 2416 2857 ſie
2491 2800 2641 2860 Dir
2715 2802 2855 2862 das
2939 2805 3173 2865 Beſte

361 2885 808 2945 gegeben
872 2914 1152 2974 hatte,
1193 2924 1389 2984 was
1459 2929 1551 2989 ſio
1662 2932 1921 2992 geben
1977 2933 2362 2993 konnte.
2452 2937 2606 2997 Sie
2669 2942 2802 3002 hat
2921 2950 3012 3010 ihr

338 3025 641 3085 volles
731 3052 921 3112 Maß
1027 3079 1822 3139 ausgeſchottet.
1845 3091 2095 3151 Dann
2141 3093 2240 3153 iſt
2308 3096 2421 3156 ſie
2505 3099 2656 3159 für
2755 3108 3126 3168 immer

348 3196 1019 3256 geſchieden,
1043 3221 1223 3281 auch
1285 3236 1551 3296 darin
1667 3255 2066 3315 vielleicht
2152 3266 2503 3326 ſelbſtlos
2644 3265 2808 3325 und

372 3353 851 3413 rührend,
921 3373 1067 3433 wu
1185 3380 1297 3440 ſie
1394 3386 1603 3446 ſtels
1686 3401 2005 3461 war;
2069 3427 2242 3487 ian.

943 3560 1140 3620 Ich
1234 3567 1527 3627 grüße
1597 3578 1769 3638 Dich
1863 3590 2044 3650 von
2173 3607 2544 3667 Herzen
2647 3616 2845 3676 und
2983 3612 3077 3672 in

474 3718 788 3778 True

1099 3816 1387 3876 Dein

1564 4018 1845 4078 Paue
1963 4067 2637 4127 Goldmaun«
