1138 1435
651 142 921 202 Gtseauenetansse
943 143 985 203 19.

53 193 241 253 Berlin
271 202 337 262 16.
350 217 485 277 Mai.

103 414 315 474 Mein
333 434 485 494 lieber
570 459 789 519 Freund,

96 563 194 623 Ich
217 572 338 632 freue
368 582 452 642 mich
481 607 610 667 ſehr,
625 612 701 672 daß
731 614 769 674 es
791 622 1003 682 Fänlein

54 669 204 729 Oge
231 684 312 744 gut
349 695 434 755 geht
462 701 542 761 und
568 704 714 764 bitte,
724 710 794 770 ſie
820 717 938 777 recht

73 769 259 829 ferzlich
296 781 378 841 von
396 790 492 850 mir
565 796 620 856 zu
670 813 893 873 grüßen.

148 887 300 947 den
340 902 491 962 dtes.
518 927 834 987 literaiſchen
861 957 1052 1017 kerie

48 986 218 1046 kannt
249 997 296 1057 Du
319 1005 381 1065 an
405 1023 676 1083 »Beatrice
730 1041 878 1101 nufig
908 1074 1025 1134 geben

70 1068 190 1128 den
224 1107 576 1167 Auführungen,
587 1129 642 1189 de
674 1135 740 1195 eir
773 1163 1082 1223 veramſarlth,

92 1157 237 1217 uid
266 1193 425 1253 gahes
468 1220 700 1280 Lntrſe
743 1247 1018 1307 vetgagen.

88 1275 334 1335 gebracht,
346 1292 423 1352 und
461 1302 532 1362 der
559 1309 756 1369 Verein¬
767 1320 820 1380 zu
