1143 1436
671 127 938 187 HeECAUeRETeaESe
959 129 1000 189 19.

487 190 497 250 lſpt.
75 171 244 231 Lerlie,
255 177 299 237 6.
317 184 476 244 Dezember

222 293 384 353 Mein
406 296 513 356 lieber
532 303 717 363 Freund,

114 386 202 446 Ich
219 396 321 456 freue
338 398 403 458 mich
420 400 495 460 ſehr,
502 403 555 463 daß
584 403 640 463 Dir
673 407 772 467 mein
788 406 989 466 Feuilleton

67 452 245 512 gefallen
263 460 335 520 hat,
348 460 418 520 und
449 463 556 523 danke
572 463 630 523 Dir
662 463 723 523 für
750 462 869 522 Deine
885 465 1018 525 lieben

67 512 260 572 Worte.
287 516 377 576 Nur
403 516 467 576 ſehe
484 518 519 578 ich
535 518 613 578 nicht
629 519 713 579 ein,
735 516 904 576 warum
929 515 981 575 Du

64 558 124 618 –
158 569 329 629 meinem
369 567 583 627 Feuilleton
617 568 686 628 über
697 565 871 625 »Einſame
897 573 1070 633 Menſchen.

49 618 232 678 meinen
260 620 317 680 Ton
345 617 530 677 mißfälligt
553 620 634 680 haſt,
643 622 674 682 da
755 618 788 678 in
800 620 994 680 meinem

55 674 213 734 letzten
242 670 431 730 Feuilluton
457 673 507 733 der
533 674 594 734 Ton
614 669 734 729 genau
769 666 923 726 derſelbe
943 672 1007 732 iſt.

62 725 157 785 Und
170 727 218 787 daß
243 727 276 787 ich
301 725 355 785 im
368 728 569 788 -Biberzelz’
588 725 732 785 finiges
763 725 1048 785 anerkannt,

50 787 167 847 habe,
175 784 265 844 liegt
284 784 452 844 daran,
460 788 521 848 daß
553 784 606 844 der
641 778 827 838 »Biberjel
873 782 976 842 gutes

61 839 224 899 enthält,
232 836 285 896 as
310 839 641 899 anzuerkennen
657 839 737 899 iſt,
756 839 967 899 »Einſoae

62 897 287 957 Menſchei«
305 895 378 955 aber
396 897 480 957 nicht
511 898 580 958 das
643 904 851 964 Mindeſte.

178 963 346 1023 Wann
364 969 485 1029 werde
496 967 533 1027 ich
558 967 613 1027 Dir
650 971 785 1031 wüder
829 979 1034 1039 ausführlich

67 1030 258 1090 ſchreiben
283 1026 471 1086 können?
521 1022 565 1082 Ich
593 1029 694 1089 wuß
738 1032 788 1092 an
835 1036 973 1096 Arbeit

65 1097 175 1157 nicht
200 1095 261 1155 ein
292 1093 382 1153 noch
397 1091 508 1151 aus.

218 1148 317 1208 das
342 1151 417 1211 Buch
426 1150 490 1210 vn
520 1152 626 1212 Trict
654 1161 805 1221 bringſt
820 1165 863 1225 Du
890 1167 975 1227 mir

50 1198 170 1258 wohl
195 1211 282 1271 nach
316 1220 443 1280 Terlin
464 1216 579 1276 mit?

169 1279 260 1339 der
281 1289 436 1349 gewiſſe
456 1296 541 1356 gerr
575 1296 727 1356 Fruiger
747 1301 805 1361 iſt
835 1304 910 1364 ſehr
