3714 4550
803 521 1187 581 Anter
1274 515 1564 575 dieſen
1640 522 2256 582 Reſtänden
2487 539 2623 599 iſt
2805 547 2988 607 mir

366 752 666 812 dieſe
759 764 1072 824 kleine
1230 769 1532 829 Stadt
1662 769 1860 829 mit
1977 769 2227 829 ihrer
2409 774 2867 834 giftigen

325 1017 631 1077 ganz
686 1008 900 1068 ohne
1075 1003 1316 1063 Noth
1438 1001 2095 1061 bsartigen
2318 1003 2513 1063 und
2661 1003 3273 1063 gemeinen

312 1226 1075 1286 Klatſchſucht
1249 1225 1434 1285 eiſt
1503 1220 1735 1280 recht
1851 1213 2117 1273 zum
2325 1211 2568 1271 Ekel
2694 1227 3239 1287 geworden

303 1460 551 1520 und
609 1457 728 1517 ich
892 1459 1317 1519 leklage
1436 1469 1884 1529 bitter,
1907 1476 2061 1536 daß
2237 1483 2367 1543 ſich
2545 1489 2851 1549 mein

310 1698 1102 1758 Engagement
1254 1708 1503 1768 nach
1644 1714 2024 1774 Berlin
2208 1718 2382 1778 für
2533 1720 2643 1780 die
2805 1724 3109 1784 Neie

342 1958 719 2018 Ireu
889 1972 1242 2032 Preſſe
1425 1969 2107 2029 zerſchlagen
2291 1967 2559 2027 hat.
2704 1977 2997 2037 Horſt

336 2194 526 2254 Du
646 2197 1006 2257 irgend
1155 2203 1636 2263 etwas,
1745 2210 1965 2270 wie
2045 2213 2126 2273 es
2245 2217 2436 2277 mit
2565 2226 3215 2286 Frischeuer

354 2440 807 2500 ſteht?
1016 2449 1259 2509 Und
1414 2454 1788 2514 weißt
1899 2459 2021 2519 Du
2175 2471 2804 2531 vielleicht,
2871 2493 3136 2553 wer

428 2680 733 2740 jetzt
826 2687 931 2747 in
1091 2697 1463 2757 Paris
1595 2709 1781 2769 für
1874 2717 2021 2777 die
2179 2727 2352 2787 N.
2484 2737 2697 2797 Dr.
2790 2745 3029 2805 ſe.

276 2947 575 3039 iſt?
611 3221 970 3281 Grüße
1045 3228 1236 3288 mir
1405 3245 2020 3305 Richurd,
2073 3289 2922 3349 Schwarzkaf,

291 3425 780 3485 Deinen
941 3465 1429 3525 Bruder,
1530 3481 1910 3541 deinen
2070 3494 2618 3554 Schwager
2813 3521 2981 3581 und

311 3634 533 3694 alle
601 3661 754 3721 die
874 3695 1344 3755 anderen
1488 3721 1855 3781 lieben
2017 3736 2682 3796 Menſchen,

338 3910 870 3970 empfiehl
1038 3939 1248 3999 mich
1415 3962 1849 4022 Deiner
2027 3982 2359 4042 Frau
2549 3994 2948 4054 Mutter
