3744 4562
537 504 729 564 Du
850 512 1212 572 mußt
1321 524 1467 584 ſie
1575 537 1924 597 ſanft
2046 565 2830 625 betrauern.
2878 587 3108 647 Das
3169 597 3313 657 iſt

543 683 757 743 die
827 702 1179 762 Traur
1331 716 1463 776 die
1560 722 1691 782 in
1864 730 2148 790 Sinn
2314 743 2522 803 ihres
2646 764 3116 824 armen

574 896 1081 956 Herzens
1144 916 1326 976 iſt.
1407 924 1589 984 Und
1715 928 1834 988 Du
1933 931 2286 991 mößt
2450 934 2568 994 Du
2740 942 3157 1002 mußt

534 1093 822 1153 Dich
915 1107 983 1167 zu
1118 1119 1288 1179 der
1399 1138 2009 1198 Erkenntraß
2152 1164 3008 1224 durcheingen,
3102 1186 3280 1246 daß

543 1324 949 1384 ſelbſt
1035 1348 1280 1408 jetzt
1397 1356 1657 1416 nicht
1788 1372 2062 1432 Alles
2208 1396 2309 1456 zu
2438 1388 2714 1448 Ende
2757 1382 2918 1442 iſt
3018 1376 3249 1436 und

557 1528 800 1588 daß
938 1553 1264 1613 ſelbſt
1427 1572 1670 1632 nach
1797 1586 2238 1646 dieſem
2366 1603 2818 1663 Schlage
2922 1618 3108 1678 das

543 1804 1013 1864 Leben
1121 1833 1964 1893 weitergeht.

1062 2111 1351 2171 Ich
1437 2137 2029 2197 umarme
2157 2149 2373 2209 Dich
2523 2156 2738 2216 von
2834 2167 2942 2227 He
3021 2203 3321 2263 rzen

531 2267 833 2327 und
960 2285 1078 2345 in
1176 2307 1518 2367 Treue

1610 2546 2036 2606 Dein

1967 2899 2246 2959 PAls
2331 2825 3173 3067 Goldmann.

549 3170 894 3230 jetzt
1013 3193 1291 3253 ſollſt
1423 3207 1570 3267 Du
1729 3222 1994 3282 mir
2140 3247 2458 3307 nichts
2592 3300 3201 3360 ſchreiben,

542 3408 876 3468 Aber
1007 3441 1250 3501 bitte
1392 3463 1737 3523 ſobald
1849 3480 1980 3540 Du
2122 3506 2598 3566 kannſt,
2730 3561 3034 3621 theile
3145 3568 3337 3628 mir

575 3664 1051 3724 etwas
1149 3703 1670 3763 Räheres
1819 3702 2173 3762 mit,

695 3891 1367 3951 Körntuſt
1467 3904 1567 3964 Du
1702 3914 1926 3974 nicht
2039 3925 2240 3985 auf
2341 3937 2510 3997 ein
2688 3957 3025 4017 paar

709 4146 1270 4206 Wochen
1377 4159 1582 4219 von
1742 4168 2171 4228 Wien
2339 4174 2544 4234 fort
