1213 1440
136 120 423 180 Ausrück.
475 118 560 178 Daß
608 118 670 178 Du
722 118 844 178 vonm
863 128 1120 188 Lebendigen

126 196 382 256 Stunden
418 192 540 252 mehr
573 187 704 247 halſt,
719 186 785 246 als
818 189 924 249 von
953 190 1030 250 der

165 268 337 328 »rau
362 265 454 325 mit
490 263 574 323 dem
588 256 751 316 Dolch’
765 260 920 320 kann
939 256 995 316 ach

149 338 419 398 begreifen,
431 332 493 392 da
546 331 624 391 das
656 333 771 393 erſte
796 332 919 392 Stück
956 337 1136 397 Deinem

157 420 372 480 Herzen
391 408 514 468 eben
553 406 689 466 näher
719 402 860 462 ſteht.
885 402 948 462 Ich
978 406 1124 466 kann

144 492 267 552 aber
291 483 418 543 nicht
451 477 741 537 verſtehen,
775 478 892 538 wie
922 479 1015 539 ein

124 556 372 616 objettiv
404 548 672 608 denkender
724 546 850 606 Aad

146 622 386 682 Anderer
417 624 491 684 ſich
539 621 644 681 über
653 620 718 680 die
753 623 1116 683 vorausſichtliche

155 688 669 748 Bühnenwirkung
686 688 763 748 der
828 699 1016 759 laden

179 750 407 810 Stücke
434 756 666 816 täuſchen
693 759 878 819 kann.
893 770 945 830 Es
976 774 1035 834 iſt

140 823 328 883 klar,
334 824 412 884 daß
457 826 522 886 die
567 829 693 889 Frau
720 828 814 888 mit
849 828 937 888 dem
979 842 1128 902 Dofchs

141 899 236 959 in
271 902 427 962 Eefolg
452 900 513 960 des
543 899 721 959 Abens
777 898 881 958 ſein
937 906 1084 966 wird

149 974 256 1034 und
281 976 346 1036 daß
374 975 443 1035 die
457 980 782 1040 »Jebendigen
827 984 1076 1044 Stunden«

141 1060 334 1120 wenn
363 1056 472 1116 nicht
521 1052 591 1112 die
620 1060 961 1120 darſtellung
1001 1079 1089 1139 ein

147 1130 381 1190 Wunder
408 1132 535 1192 thut,
551 1134 646 1194 faſt
669 1143 1065 1203 wirkungslos

161 1206 351 1266 Neiben
381 1212 631 1272 werden.
657 1226 1022 1286 Die»Jetzten,

180 1278 426 1338 Masken
463 1288 558 1348 habe
583 1290 641 1350 ich
661 1291 760 1351 auch
801 1297 991 1357 geleſen-
