1139 1437
642 140 914 200 RtEeauenetenet
937 138 973 198 19.

82 194 293 254 Berlin,
302 197 369 257 19.
397 202 529 262 Juli.

135 331 307 391 Mein
338 343 485 403 lieber
519 352 719 412 Freund,

68 409 161 469 Ich
182 417 334 477 wollte
355 433 523 493 morgen
553 445 738 505 fahren,
751 444 844 504 aber
865 447 966 507 dieſe

73 495 329 555 verfuchte
358 509 539 569 frande,
565 514 622 574 die
641 510 953 570 Redattion,

67 559 204 619 läßt
234 569 327 629 mich
353 573 446 633 nicht
476 580 599 640 fort.
617 580 662 640 Ich
691 582 803 642 führe
840 589 944 649 finr

62 648 815 708 Ausgleichs-Verhandtungen
848 654 960 714 mit

56 711 164 771 den
191 715 344 775 Beſitzer
377 713 428 773 des
455 717 641 777 großen
674 725 1016 785 Waarenfaut

56 792 105 852 X
203 785 368 845 Tietz,
377 783 497 843 deſſer
524 785 741 845 Teſolrenz
769 792 831 852 die
857 797 938 857 N.
951 800 1022 860 Tr.

76 854 178 914 Po
235 850 437 910 fälſchlich
463 859 699 919 gemeldet
726 861 817 921 und
877 861 950 921 der

52 925 164 985 das
196 928 325 988 Blatt
365 926 530 986 klagen
558 929 723 989 will.
727 935 844 995 Das
872 945 977 1005 ſage

55 988 117 1048 ich
140 998 203 1058 Dir
247 996 302 1056 im
335 1002 631 1062 vertrauen).
661 1004 757 1064 Nach
783 1007 813 1067 10
838 1016 1045 1076 tägigen

50 1070 445 1130 Verhandlungen
481 1079 567 1139 habe
588 1078 624 1138 ich
645 1082 713 1142 den
731 1081 955 1141 Ausgleich

58 1142 204 1202 hier
233 1146 369 1206 endlich
398 1153 595 1213 zuſtande
650 1162 859 1222 gelracht.
896 1157 965 1217 Da

66 1217 233 1277 macht
253 1222 332 1282 auf
365 1226 556 1286 einmal
590 1228 651 1288 die
682 1227 750 1287 N.
797 1222 886 1282 Fr.
906 1231 1018 1291 Pr.

71 1295 231 1355 neue
264 1302 669 1362 Schwierigkeiten,
681 1296 768 1356 und
805 1293 924 1353 Alles
950 1300 1007 1360 iſt
