2610 2814
426 295 579 355 Unter
622 294 715 354 den
775 292 1038 352 Pferden,
1089 292 1174 352 die
1217 291 1404 351 bereits
1455 293 1608 353 „was
1659 289 1854 349 gezeigt
1888 283 2092 343 haben“
2143 284 2296 344 fallen

258 378 391 438 ganz
432 376 707 436 besonders
748 373 1122 433 Liebelei
1206 374 1305 434 die
1372 373 1555 433 Dritte
1613 373 1671 433 zu
1704 371 1871 431 Over
1912 370 2112 430 Norton
2178 370 2286 430 und

277 455 571 515 Seraphine
613 454 663 514 im
722 454 941 514 Großen
991 454 1277 514 Kölnischen
1327 452 1596 512 Handicap
1647 451 1747 511 und
1789 449 2151 509 Cadore,
2201 448 2294 508 der

258 539 360 599 mit
436 537 639 597 frischem
740 536 969 596 Lorbeer
1028 532 1282 592 gekrönte
1333 530 1544 590 Sieger
1629 529 1714 589 des
1781 528 2120 588 Hamburger
2171 527 2298 587 Go¬

273 616 843 676 deffroy=Rennens,
911 611 1038 671 auf.
1149 616 1259 676 Für
1344 611 1421 671 die
1480 610 1812 670 Hamburger
1871 608 2279 668 Ueberraschung

271 697 383 757 muß
435 697 522 757 der
556 696 1014 756 Bleichröder'sche
1048 695 1273 755 Wallach
1334 694 1480 754 volle
1532 692 1653 752 zehn
1722 691 1904 751 Pfund
1973 688 2111 748 mehr
2171 688 2292 748 auf¬

271 778 477 838 nehmen
527 778 626 838 und
675 777 774 837 wir
815 775 1030 835 glauben
1080 775 1212 835 offen
1261 773 1517 833 gestanden
1575 772 1732 832 nicht,
1765 770 1855 830 daß
1913 770 1963 830 es
1996 770 2086 830 dem
2136 770 2293 830 Drei¬

276 857 501 917 jährigen
526 856 622 916 mit
622 856 717 916 dem
751 856 907 916 hohen
933 854 1157 914 Gewicht
1175 854 1261 914 von
1296 854 1348 914 55
1365 854 1469 914 kg
1486 854 1719 914 gelingen
1736 853 1901 913 wird,
1901 853 1987 913 die
2004 853 2281 913 Situation

278 940 329 1000 zu
380 940 722 1000 beherrschen.
791 937 1159 997 Liebelei
1193 935 1261 995 ist
1296 935 1407 995 viel
1432 934 1578 994 besser
1621 935 1817 995 daran.
1894 934 2057 994 Zwar
2100 932 2296 992 drücken

277 1021 346 1081 64
433 1021 502 1081 kg
554 1019 710 1079 auch,
745 1019 874 1079 aber
909 1018 996 1078 die
1039 1016 1749 1076 Talpra=Magyar=Tochter
1783 1013 1852 1073 ist
1896 1013 1965 1073 ein
2008 1015 2173 1075 Pferd
2207 1011 2303 1071 mit

279 1103 454 1163 reellen
507 1102 831 1162 Fähigkeiten
883 1097 953 1157 —
1014 1098 1084 1158 ein
1146 1099 1671 1159 „Frühjahrspferd“,
1732 1086 1802 1146 —
1863 1092 1968 1152 das
2047 1093 2161 1153 auch
2222 1086 2283 1146 in

276 1183 408 1243 Köln
460 1181 574 1241 eine
609 1181 732 1241 gute
767 1180 1003 1240 Leistung
1047 1177 1388 1237 vollbrachte.
1459 1175 1677 1235 Seitdem
1765 1172 1870 1232 soll
1931 1172 1993 1232 sie
2037 1173 2115 1233 sich
2168 1174 2299 1234 ganz

281 1262 555 1322 wesentlich
606 1261 881 1321 verbessert
915 1259 1112 1319 haben.
1181 1259 1310 1319 Wir
1344 1258 1558 1318 würden
1601 1258 1687 1318 ihr
1730 1258 1850 1318 auch
1884 1256 2013 1316 ohne
2047 1255 2304 1315 Bedenken

286 1345 451 1405 unsere
492 1343 847 1403 Sympathien
888 1343 1193 1403 zuwenden,
1243 1339 1375 1399 wenn
1433 1339 1515 1399 der
1556 1335 1969 1395 Borsteler
2010 1333 2299 1393 Stall,

281 1425 371 1485 der
443 1423 830 1483 augenblicklich
911 1418 1020 1478 auf
1092 1418 1182 1478 der
1218 1418 1362 1478 Höhe
1452 1417 1624 1477 steht,
1714 1417 1858 1477 nicht
1903 1414 2263 1474 Heroine

280 1505 359 1565 die
403 1502 447 1562 im
509 1502 756 1562 Gewicht
791 1502 1231 1562 außerordentlich
1275 1501 1575 1561 begünstigt
1610 1498 1707 1558 ist,
1742 1498 1795 1558 im
1874 1496 2086 1556 Rennen
2139 1496 2315 1556 hätte.

280 1586 402 1646 Wie
443 1585 540 1645 aus
573 1585 728 1645 guter
752 1583 940 1643 Quelle
964 1583 1249 1643 verlautet,
1282 1581 1347 1641 ist
1363 1580 1583 1640 Heroine
1624 1579 1673 1639 in
1713 1577 2145 1637 ausgezeichneter
2178 1571 2308 1631 Ver¬

287 1667 477 1727 fassung
537 1666 649 1726 und
701 1663 813 1723 soll
864 1661 1002 1721 ihren
1071 1661 1304 1721 Trainer
1364 1658 1416 1718 in
1485 1658 1571 1718 der
1631 1657 1821 1717 Arbeit
1872 1657 1984 1717 sehr
2028 1652 2303 1712 befriedigt

281 1747 474 1807 haben.
550 1742 684 1802 Man
735 1741 860 1801 wird
911 1741 1012 1801 gut
1037 1741 1205 1801 thun,
1221 1741 1322 1801 der
1364 1739 1834 1799 Fulmen=Tochter
1868 1734 1960 1794 für
2002 1735 2094 1795 das
2145 1735 2304 1795 große

281 1826 490 1886 Rennen
583 1823 666 1883 die
742 1822 1060 1882 gebührende
1136 1822 1437 1882 Beachtung
1521 1820 1571 1880 zu
1655 1817 1915 1877 schenken.
2007 1810 2292 1870 Nicolo

289 1903 352 1963 ist
423 1906 681 1966 ebenfalls
770 1900 903 1960 nicht
983 1898 1188 1958 schlecht
1241 1898 1295 1958 im
1375 1900 1677 1960 Handicap,
1748 1898 1908 1958 jedoch
2015 1892 2158 1952 nicht
2247 1893 2300 1953 in

283 1990 475 2050 Form.
608 1978 742 2038 Sein
850 1984 1050 2044 Laufen
1175 1978 1225 2038 in
1342 1980 1475 2040 Köln
1592 1978 1709 2038 war
1817 1976 2067 2036 durchaus
2176 1970 2326 2030 nicht

288 2065 527 2125 berühmt
568 2065 667 2125 und
709 2065 816 2125 wir
857 2063 1072 2123 glauben
1113 2062 1295 2122 kaum,
1328 2060 1427 2120 daß
1476 2059 1567 2119 von
1616 2056 1699 2116 ihm
1773 2056 1881 2116 eine
1897 2056 2293 2116 Ueberraschung

290 2148 341 2208 zu
391 2145 643 2205 erwarten
693 2143 777 2203 ist.
819 2143 953 2203 Eher
995 2142 1087 2202 von
1129 2141 1221 2201 X,
1272 2141 1364 2201 der
1406 2140 1506 2200 von
1557 2137 1750 2197 Warne
1792 2138 2060 2198 gesteuert,
2094 2137 2186 2197 bei
2219 2134 2303 2194 der

279 2229 537 2289 günstigen
588 2225 812 2285 Distanz
872 2223 1121 2283 durchaus
1172 2221 1310 2281 nicht
1370 2220 1507 2280 ohne
1542 2218 1782 2278 Chancen
1834 2216 1920 2276 ist.
1980 2216 2306 2276 Connex

284 2305 388 2365 und
414 2303 736 2363 Radler
779 2302 1040 2362 erscheinen
1092 2300 1197 2360 aus
1240 2300 1327 2360 dem
1397 2299 1501 2359 Lot
1536 2299 1771 2359 zunächst
1805 2297 1892 2357 für
1936 2297 2014 2357 die
2058 2296 2231 2356 Plätze
2258 2296 2310 2356 in

281 2387 532 2447 Betracht
568 2389 622 2449 zu
667 2388 926 2448 kommen.
998 2386 1115 2446 Zum
1186 2384 1383 2444 Schluß
1428 2383 1607 2443 dürfte
1643 2381 1768 2441 aber
1813 2380 1921 2440 doch

1205 2465 1437 2525 deroine

403 2543 615 2603 bessere
649 2539 793 2599 Ende
827 2539 946 2599 war
963 2535 1259 2595 Liebel
1268 2536 1479 2596 und
1479 2534 1844 2594 halte
