1138 1436
72 93 131 153 es
149 96 240 156 mir
277 101 373 161 auch
400 107 477 167 zur
500 121 865 181 Befriedigung

56 183 300 243 gereichen
325 193 517 253 würde,
527 193 591 253 an
620 197 769 257 einem
797 205 903 265 Orte
935 214 1038 274 mich

66 267 389 327 aufzuhalten,
397 272 475 332 wo
516 267 565 327 Du
615 269 688 329 Dich
774 274 938 334 wohl

57 345 360 405 befindeſt,
376 347 410 407 ſo
463 343 611 403 wäre
641 345 683 405 es
718 345 824 405 mir
873 348 975 408 doch

68 424 201 484 nicht
232 419 717 479 unangenehm,
755 426 970 486 wenn

67 498 159 558 an
179 496 343 556 dieem
373 500 482 560 Orte
512 496 628 556 auch
679 499 737 559 ich
774 505 917 565 mich

82 577 480 637 wohltefinden
517 570 759 630 könnte.

78 661 288 721 rauche,
300 656 431 716 was
468 650 540 710 ein
586 646 801 706 Menſch
830 648 973 708 mit

64 737 253 797 völlig
278 732 609 792 zerrütteten
651 716 971 776 Nerven,

57 815 294 875 braucht:
330 806 478 866 Aufe,
494 798 727 858 Höfenlicht
797 797 977 857 Kühle.

61 888 173 948 Und
195 886 240 946 in
253 885 583 945 landſchaftlicher
637 883 904 943 Beziehung
926 896 1024 956 habe

56 958 169 1018 ich,
181 964 278 1024 wie
299 968 483 1028 geſagt,
496 967 563 1027 ein
600 967 781 1027 großes
839 980 1011 1040 Verleg

70 1037 360 1097 Verlangen
398 1039 496 1099 nach
552 1043 688 1103 einer
735 1061 1072 1121 Dolomiten,

90 1117 295 1177 Gegend
331 1129 603 1189 (vielleicht
635 1138 712 1198 bei
739 1141 957 1201 Trient,

75 1211 235 1271 Aber
256 1211 295 1271 ich
336 1217 526 1277 möchte,
536 1217 610 1277 daß
653 1222 760 1282 dies
813 1223 954 1283 Alles

109 1306 253 1366 ſchon
289 1302 376 1362 vor
412 1301 654 1361 meiner
707 1301 957 1361 Ankunft
