3993 5877
491 842 1016 902 Paar
1084 830 1568 890 Rtunden
1706 840 2770 900 Eiſenbahnfahrt,

581 1048 1004 1108 wirſt
1090 1042 1228 1102 Du
1427 1042 1650 1102 Dich
1761 1047 2010 1107 doch
2098 1051 2483 1111 gewiß

657 1272 1257 1332 fürchten

998 1492 1429 1552 Was
1548 1487 1801 1547 mich
1884 1486 2566 1546 anlangt,
2710 1484 2807 1544 ſo
2937 1481 3465 1541 dringe

591 1702 801 1762 ich
912 1709 1359 1769 deshalb
1638 1710 1723 1770 ſo
1806 1709 2044 1769 ſehr
2155 1702 2728 1762 darauf,
2798 1695 3035 1755 Dich
3148 1688 3413 1748 jetzt

595 1946 792 2006 zu
932 1940 1411 2000 ſehen,
1574 1925 1924 1985 weil
2123 1916 2239 1976 ich
2378 1908 2786 1968 keine
2927 1909 3510 1969 Ahnung

640 2166 1094 2226 habe,
1138 2145 1225 2205 ob
1372 2133 1503 2193 ich
1577 2127 1708 2187 in
1766 2122 2192 2182 dieſem
2455 2130 2779 2190 Jahre
2881 2150 3569 2210 überhaupt

654 2361 1275 2421 Urlaub
1406 2344 2214 2404 bekomme.
2327 2340 2578 2400 Die
2691 2342 3499 2402 Redaktion

576 2578 889 2638 hat
985 2578 1263 2638 eine
1334 2573 1708 2633 Reche
1925 2562 2190 2622 von
2261 2554 3514 2614 Reiſeniſſionen

676 2810 1069 2870 für
1218 2797 1503 2857 auch
1639 2791 1775 2851 in
2032 2784 2752 2844 Ausſicht,
2819 2781 3064 2841 und
3173 2779 3269 2839 es
3404 2776 3553 2836 iſt

522 3023 883 3083 nicht
1008 3013 1925 3073 unmöglich,
2037 3006 2260 3066 daß
2398 3004 2593 3064 ſie
2676 3004 2899 3064 den
2968 3009 3566 3069 ganzen

626 3220 1319 3280 Sommer
1459 3219 1691 3279 und
1952 3216 2406 3276 Herbſt
2616 3216 3239 3276 füllen.

535 3436 975 3496 Laß’
1023 3454 1248 3514 Dich
1319 3450 1868 3510 erbitten
2069 3427 2284 3487 und
2438 3412 2962 3472 komm’
3034 3423 3366 3483 her.

570 3649 1040 3709 Wenn
1122 3658 1227 3718 ich
1367 3658 1650 3718 nicht
1850 3653 2131 3713 Zeit
2248 3645 2648 3705 habe,
2719 3635 3106 3695 wirſt
3224 3628 3388 3688 Du

552 3884 893 3944 bei
1040 3864 1616 3924 meinem
1880 3867 2818 3927 Schwager,
2905 3864 3502 3924 meiner

653 4093 1322 4153 Schweſter
1538 4078 2118 4138 weinem
2334 4064 2709 4124 Onkel
2856 4060 3327 4120 ſein.

595 4301 1137 4361 Allem
1260 4302 1825 4362 werden
2024 4291 2322 4351 wir
2467 4286 2766 4346 Dich
2898 4290 3264 4350 ſchon

476 4525 822 4585 nicht
921 4518 1489 4578 laſſen.
1600 4513 1934 4573 Auch
2031 4510 2100 4570 ſo
2183 4508 2392 4568 iſt
2544 4503 2947 4563 wirſt
3072 4494 3599 4554 duhier

532 4716 857 4776 Den
990 4724 1162 4784 und
1257 4727 1609 4787 Jenen
1858 4726 2363 4786 kennen
2439 4726 3135 4786 lernen,
3192 4728 3402 4788 der

520 4960 853 5020 Dich
888 4960 912 5020 X
1566 4949 2483 5009 intereſſiren
2661 4944 3196 5004 wird.

525 5179 992 5239 Bitte,
1015 5161 1292 5221 bitte
1495 5152 1902 5212 komm
2106 5154 2801 5214 hierher.

1261 5352 1831 5412 WViele
1936 5346 2362 5406 treue
2454 5337 2985 5397 Grüße

1939 5499 2340 5559 Dein
2446 5523 2777 5583 Paul
2881 5518 3616 5578 Goldmann
