1141 1436
653 159 923 219 RtEealenetensse
944 159 980 219 19.

56 200 234 260 Lerlin,
246 211 318 271 27.
337 217 516 277 Januar.

208 345 399 405 Mein
437 353 575 413 lieber
608 357 809 417 Freund,

101 461 223 521 Mun
308 478 478 538 Hümer
519 481 560 541 iſt
608 485 753 545 krank,
771 488 882 548 liegt
900 487 941 547 zu
971 487 1045 547 Bett

65 524 161 584 und
188 536 266 596 ſieht
317 545 355 605 ſo
375 549 474 609 elend
494 548 563 608 aus
621 557 689 617 daß
719 557 754 617 ich
787 562 1012 622 erſchrocken

65 604 161 664 bin
196 613 330 673 (anter
381 614 522 674 uns!)
560 621 622 681 Du
656 623 786 683 ſollteſt
817 625 889 685 dem
903 628 1054 688 armen

65 681 241 741 Mädel
304 690 417 750 einen
477 690 593 750 guten
642 695 737 755 Brief
765 699 952 759 ſchreiben.

174 770 381 830 rchm
431 777 545 837 ſagte
564 779 648 839 mir
682 785 747 845 bei
772 789 874 849 einer
918 791 974 851 der

70 847 232 907 letzten
301 859 516 919 Premièren
575 860 618 920 er
668 859 797 919 möchte
823 861 906 921 von
929 861 998 921 Dir

70 912 213 972 einen
257 920 357 980 oder
377 926 489 986 zwei
568 931 789 991 Einatter
851 933 994 993 haben.

68 990 195 1050 Wer
213 1001 257 1061 iſt
296 1012 415 1072 Sefan
437 1011 599 1071 Parrns?
665 1009 713 1069 Ich
736 1011 850 1071 kann
898 1008 981 1068 mir

60 1061 128 1121 du
174 1081 410 1141 Aufführung
437 1083 555 1143 ſeines
608 1080 795 1140 Stückes
841 1080 951 1140 mur

58 1132 160 1192 durch
185 1153 446 1213 Beziehungen
463 1154 650 1214 zwiſchen
681 1159 829 1219 Brahm
858 1160 925 1220 und
963 1161 1027 1221 ihm

70 1216 236 1276 erklaren
275 1225 337 1285 die
360 1227 451 1287 nicht
481 1226 559 1286 blos
598 1228 829 1288 dieſenigen
859 1226 927 1286 des

104 1295 455 1355 Theaterdirektors
504 1299 606 1359 zum
648 1302 764 1362 Autor
795 1298 914 1358 ſind.
943 1298 1002 1358 Dir
