3691 4545
1391 320 1937 380 Rthur,
1968 328 2123 388 23.
2204 326 2544 386 Dezende

424 508 657 568 Mei
748 522 959 582 lieber
1044 524 1424 584 Freund,

394 658 505 718 Ich
561 660 694 720 habe
756 664 931 724 Dein
1056 671 1313 731 lieber
1431 681 1856 741 Nehrichten
1947 692 2177 752 lange
2282 703 2643 763 verroßt
2747 712 2887 772 und
2991 718 3193 778 was

379 821 574 881 ſehr
630 818 786 878 froh,
817 817 1155 877 wieder
1202 812 1680 872 ausführlich
1789 814 1931 874 von
2033 815 2166 875 Dir
2307 821 2370 881 zu
2487 833 2840 893 Hören!

580 970 879 1030 Wenn
935 973 1033 1033 Du
1158 976 1262 1036 die
1353 979 1785 1039 Baatrice
1854 979 2161 1039 Anber
2293 981 2572 1041 läßt,
2641 984 2927 1044 werde
2962 989 3031 1049 ich
3115 993 3164 1053 ſo

379 1112 871 1172 höffentlich
960 1124 1136 1184 bald
1217 1126 1276 1186 zu
1386 1130 1599 1190 leſen
1709 1134 2224 1194 bekorr.
2305 1136 2474 1196 Wie
2533 1138 2695 1198 ſtehr
2805 1141 2901 1201 die
2974 1145 3334 1205 Auffüh¬

387 1259 1135 1319 rungs-Shruceu
1266 1274 1398 1334 dm
1480 1279 2105 1339 Burgthereter?
2228 1283 2376 1343 Und
2441 1285 2623 1345 wie
2705 1285 2779 1345 in
2894 1288 3272 1348 Berlis?

362 1402 818 1462 Drutſcher
882 1419 1169 1479 Theater
1234 1424 1385 1484 oder
1497 1426 2297 1486 Schröſpielheis?
2416 1423 2848 1483 Vielleicht
2969 1425 3216 1485 wird

387 1562 763 1622 Daruu
908 1562 1241 1622 mener
1334 1561 1617 1621 erſten
1711 1561 2138 1621 Arfgeben
2239 1564 2413 1624 ſein
2580 1571 2818 1631 über
2942 1582 3122 1642 einn

378 1713 885 1773 Premièere
994 1715 1151 1775 von
1267 1714 1409 1774 Dir
1542 1712 1609 1772 zu
1750 1708 2216 1768 berichten.
2324 1708 2448 1768 Iſt
2498 1709 2623 1769 der
2681 1717 3131 1777 »Reigen«
3189 1733 3363 1793 ſchon

406 1870 1042 1930 gedruckt?.

471 1989 632 2049 Ir
683 2002 810 2062 deu
878 2014 1140 2074 Frager
1208 2025 1701 2085 Wessermanu
1785 2029 1929 2089 urd
2022 2035 2599 2095 Schwarskyf
2658 2041 2760 2101 Och
2810 2048 3006 2108 erre
3108 2059 3175 2119 oh

388 2145 797 2205 durcheus
849 2157 999 2217 auf
1117 2170 1498 2230 mcur
1616 2192 2241 2252 Starpurkt.
2324 2215 2890 2275 Vassermann
2986 2238 3314 2298 brernchte

378 2283 555 2343 das
592 2291 835 2351 betr.
932 2305 1293 2365 Coicert
1404 2321 1567 2381 nicht
1633 2328 1692 2388 zu
1796 2344 2342 2404 übergehen,
2401 2358 2564 2418 wer
2667 2365 2740 2425 er
2873 2373 3057 2433 ſonſt
3147 2377 3242 2437 die

401 2438 936 2498 Gewohrheit
1042 2465 1314 2525 gchabt
1404 2477 1668 2537 hätte,
1706 2484 1910 2544 ober
2015 2493 2422 2553 Coucerte
2468 2498 2536 2558 zu
2649 2505 3079 2565 berichten.
3132 2513 3230 2573 Da

388 2576 525 2636 er
585 2587 739 2647 das
782 2598 971 2658 aber
1125 2613 1280 2673 faſt
1392 2622 1537 2682 ein
1648 2632 1906 2692 thut,
1966 2638 2026 2698 ſo
2078 2640 2164 2700 iſt
2250 2644 2370 2704 die
2481 2654 3211 2714 Herausgreihung

339 2730 650 2790 dieſes
767 2772 1646 2832 Xurbeldrutauden
1734 2783 2213 2843 Couicertes
2271 2786 2416 2846 aes
2510 2789 2663 2849 der
2808 2804 3396 2864 ungeheren

368 2882 697 2942 Falle
755 2898 919 2958 der
1076 2916 1455 2976 Wieier
1562 2933 2007 2993 Coicurte
2097 2943 2271 3003 ſchon
2337 2949 2617 3009 ah
2691 2954 2822 3014 ein
2955 2959 3407 3019 ergerehte

349 3051 1178 3111 Bevorzugung.
1220 3066 1355 3126 und
1447 3072 1685 3132 wein
1727 3077 1912 3137 auch
1981 3082 2141 3142 das
2251 3085 2445 3145 Lob,
2496 3087 2648 3147 das
2749 3091 2826 3151 er
2927 3093 3087 3153 den

376 3202 1090 3262 Corcrtgeber
1185 3229 1623 3289 ſprodet,
1642 3232 1757 3292 ar
1813 3233 1947 3293 ſich
2032 3233 2204 3293 nicht
2289 3234 2908 3294 übertrieben
3004 3243 3176 3303 iſt,
3204 3250 3261 3310 ſo

363 3341 648 3401 wird
721 3357 788 3417 es
873 3370 1470 3430 übertrieben
1567 3373 1768 3433 durch
1841 3373 2023 3433 den
2139 3373 2370 3433 Tadel
2522 3385 3070 3445 gegerüüber

366 3485 814 3545 auuin
842 3510 1221 3570 auderen
1360 3517 1374 3577 X
1529 3520 1682 3580 viel
1773 3521 2054 3581 bedrut
2116 3526 2502 3586 erderen
2628 3551 3272 3611 Corecertgeber

360 3614 537 3674 mit
594 3631 773 3691 dem
865 3643 979 3703 W.
1029 3650 1114 3710 es
1179 3666 1678 3726 verburden
1806 3682 1999 3742 hat.
2077 3691 2284 3751 Was
2369 3706 2932 3766 Schuverzkyf
3024 3729 3424 3789 anlorgt.

388 3789 522 3849 ſo
572 3797 857 3857 kerai
957 3805 1032 3865 ich
1100 3811 1309 3871 ſeren
1427 3826 1995 3886 bedeutenden
2112 3845 2565 3905 Vorjüge.
2615 3862 3134 3922 Hirschfeld

354 3941 687 4001 wäre
746 3957 1065 4017 trotzdem
1191 3968 1316 4028 der
1450 3979 1775 4039 beſſere
1872 3988 2583 4048 Berichterſtatter
2731 3988 2960 4048 weil
3049 3986 3109 4046 er

419 4094 549 4154 zu
614 4109 874 4169 allem
921 4121 1293 4181 Auderen
1385 4126 1561 4186 auh
1645 4127 1776 4187 die
1859 4127 2138 4187 Möjik
2268 4127 2622 4187 englaßt
2696 4129 2835 4189 und
2937 4136 3142 4196 weil
3253 4145 3336 4205 er
