3691 4549
1145 535 1920 595 Frartlfurt,
1980 571 2144 631 13.
2185 596 2745 656 Dezerober.

717 1104 1207 1164 Mein
1330 1136 1708 1196 lieber
1799 1147 2281 1207 Freund

447 1422 607 1482 Da
718 1440 808 1500 Du
990 1466 1212 1526 wohl
1383 1493 1575 1553 nicht
1695 1511 1816 1571 die
1946 1541 2601 1601 »Frankhurter
2753 1575 3216 1635 Zeilurg«

427 1634 772 1694 liſt,
867 1658 1155 1718 fende
1203 1674 1308 1734 ich
1423 1692 1596 1752 Dir
1720 1718 2017 1778 enbei
2229 1747 2400 1807 das
2496 1768 2918 1828 geſtern
3014 1782 3263 1842 erſchie

415 1877 1134 1937 Friieeuliu
1288 1902 1457 1962 von
1587 1913 1854 1973 Herr
1975 1924 2201 1984 über
2388 1949 2848 2009 Heine.
2936 1977 3082 2037 Ich

429 2063 778 2123 helte
853 2106 1295 2166 dasſelbe
1405 2126 1589 2186 hürr
1710 2137 1931 2197 uns
2068 2146 2225 2206 der
2355 2175 3091 2235 volleudetſten

421 2274 1260 2334 Cuoſtwerke,
1336 2321 1651 2381 wolche
1698 2341 1812 2401 die
1937 2366 2328 2426 meer
2423 2388 2881 2448 deutſche

389 2489 1154 2549 Mirnaliſtik
1366 2551 2158 2611 hervorgebracht
2276 2582 2472 2642 hat.
2608 2598 2923 2658 Weru
3050 2609 3263 2669 man

416 2686 769 2746 ſelbſt
988 2758 1941 2818 Herlurgsſchreiber
2075 2783 2255 2843 von
2390 2795 2676 2855 Bruf
2742 2807 2971 2867 iſt,
3019 2817 3085 2877 ſo

418 2902 721 2962 fühlt
819 2920 1054 2980 man
1172 2936 1299 2996 ſich
1377 2949 1534 3009 dief
1739 2984 2396 3044 verſtinut
2544 3013 2779 3073 durch
2867 3025 3102 3085 nin
3190 3034 3366 3094 dieſe

417 3145 653 3205 ſleh
872 3155 1277 3215 Arbeit,
1319 3170 1437 3230 die
1589 3190 1757 3250 em
1934 3212 2137 3272 ſolche
2255 3232 2567 3292 Kuroſt
2702 3241 2870 3301 des

404 3338 1085 3398 Ausdrucks,
1184 3376 1348 3436 ern
1493 3396 1684 3456 ſolche
1802 3415 2129 3475 Kunft
2220 3430 2356 3490 der
2492 3457 3364 3517 Coucartrinung,

416 3524 813 3584 aiu
938 3557 996 3617 ſo
1079 3586 1626 3646 unberlingt
1767 3628 2322 3688 perſoolich
2372 3650 2497 3710 en
2613 3667 2829 3727 Styl
2994 3690 3160 3750 und

373 3739 553 3799 ein
653 3759 716 3819 ſo
841 3792 1482 3852 grürolliches
1598 3829 2022 3889 Wiſſen
2103 3860 2789 3920 bekundet.
2863 3981 3265 4041 Frarir

2930 3968 3229 4029 darin
445 4001 882 4061 ſrikel
967 4046 1469 4106 Thatſächlich
1581 4069 1954 4129 etwas
2122 4086 2597 4146 Gernales
