3731 4566
461 566 693 626 ich
796 584 1005 644 habe
1236 596 1757 656 vielleicht
1896 589 2405 649 Unrecht
2567 577 2822 637 aber

530 787 1252 847 jedenfalls
1349 789 1525 849 iſts
1710 780 2179 840 meine
2306 775 2745 835 ehrliche
2910 781 3252 841 wohl

485 1006 1202 1066 erwogene
1475 999 2526 1059 Meirung....

903 1272 1209 1332 Vor
1324 1283 1765 1343 meiner
1938 1268 2351 1328 Abreiſe
2437 1258 2658 1318 aus
2773 1268 3397 1328 Frankfurt

515 1452 870 1512 habe
943 1466 1052 1526 ich
1134 1469 1490 1529 etwas
1645 1462 2119 1522 erlebt,
2147 1456 2338 1516 das
2521 1456 2694 1516 für
2830 1468 3195 1528 jedden

486 1679 1115 1739 Menſchen
1179 1690 1361 1750 den
1488 1680 1863 1740 Gipfel
1980 1667 2109 1727 des
2257 1657 2664 1717 Glücks
2781 1672 3283 1732 bedeuter

485 1868 1128 1928 würde.
1188 1874 1440 1934 Für
1581 1862 1842 1922 nich
1932 1852 2104 1912 iſts
2215 1841 2496 1901 durch
2678 1839 3130 1899 meine

406 2060 609 2120 aie
723 2079 1385 2139 Wahnſinn
1491 2066 2135 2126 grenzende
2275 2050 3105 2110 Nervoſität,

449 2263 705 2323 die
818 2269 930 2329 in
996 2269 1389 2329 dieſem
1501 2263 2195 2323 Augenblick
2352 2254 2599 2314 noch
2688 2248 2901 2308 dur

480 2475 1238 2535 Krankheit
1368 2473 2089 2533 complicirt
2199 2466 2431 2526 iſt,
2523 2465 2615 2525 zu
2773 2464 3134 2524 einer

417 2675 699 2735 der
771 2688 1206 2748 größten
1288 2687 1890 2747 ſeeliſchen
1996 2683 2857 2743 Kataſtrophen
2951 2714 3410 2774 ausge¬

513 2917 1072 2977 ſchlagen
1146 2910 1462 2970 haben
1610 2900 1779 2960 die
1853 2894 1984 2954 ich
2077 2893 2356 2953 noch
2448 2919 3416 2979 durchgemächt,

493 3138 947 3198 habe.
1089 3139 1685 3199 Nieals
1827 3134 2073 3194 habe
2234 3134 2338 3194 ich
2461 3137 2736 3197 dem
2802 3152 3341 3212 Selbſtmord

472 3350 672 3410 ſo
804 3366 1101 3426 nahe
1241 3361 1854 3421 geſtanden
2002 3348 2019 3408 –
2099 3341 2649 3401 niemals
2763 3347 2999 3407 auch
3094 3405 3320 3465 Laſe

1603 3565 1695 3625 –
1871 3565 2139 3625 und
2251 3563 2654 3623 Rathes
2768 3569 2799 3629 b
3025 3598 3283 3658 mahr
457 3566 630 3626 ich
703 3595 1069 3655 Deines
1206 3590 1562 3650 Troſtes

526 3787 1172 3847 bedurft.
1265 3782 1515 3842 Aber
1598 3784 1681 3844 es
1755 3786 1972 3846 ſteht
2108 3800 2878 3860 geſchrieben,
2940 3825 3149 3885 daß

451 4002 768 4062 wir
902 4008 1128 4068 von
1255 4010 1904 4070 enander
2088 4012 2717 4072 getrennt
2886 4028 3161 4088 ſein

1377 4188 1871 4248 wenn
1939 4183 2179 4243 wir
2366 4178 3018 4238 einender
593 4196 1207 4256 müſſen,
