3545 5323
603 635 843 695 Von
931 657 1121 717 hier
1236 679 1401 739 gehe
1451 693 1553 753 ich
1641 709 1818 769 nach
1933 736 2451 796 Rinnes
2528 753 2743 813 und

424 857 685 917 Alle
772 889 1121 949 meine
1238 927 2101 987 Urlaulspläne
2226 949 2644 1009 hängen
2751 955 2857 1015 ab

466 1093 686 1153 von
769 1102 998 1162 dein
1109 1124 1762 1184 Zeitpuckt,
1799 1139 1945 1199 an
2093 1146 2314 1206 Dein
2525 1142 2673 1202 der

385 1331 815 1391 Prozeß
941 1340 1020 1400 zu
1156 1350 1371 1410 Ende
1428 1361 1631 1421 iſt.
1791 1385 2256 1445 Dauurt
2369 1412 2562 1472 er,
2641 1432 2879 1492 wie

390 1552 564 1612 ich
663 1593 1273 1653 voransſehr
1360 1612 1512 1672 bis
1633 1621 1806 1681 tief
1916 1630 2014 1690 in
2102 1641 2287 1701 den
2396 1683 2951 1743 Auguſt¬

465 1827 1110 1887 Piuis,
1144 1845 1228 1905 ſo
1349 1857 1517 1917 kau
1688 1874 1772 1934 ich
1859 1893 2131 1953 daru
2198 1924 2453 1984 fürs
2588 1981 2894 2041 heſt¬

382 2057 648 2117 nuch
768 2090 1010 2150 nahr
1082 2111 1324 2171 hat,
1395 2125 1494 2185 Du
1590 2136 1709 2196 iſh
1832 2151 1975 2211 an
2122 2198 2797 2258 Sytender

378 2328 726 2388 Dr.
802 2364 1346 2424 Mamisrth
1379 2387 1575 2447 auf
1750 2411 2173 2471 Nelaub
2283 2431 2631 2491 geht,
2696 2443 2903 2503 den

373 2556 577 2616 ich
705 2617 1352 2677 vertoeten
1437 2634 1814 2694 muß.
1997 2645 2169 2705 In
2277 2670 2697 2730 dieſem

414 2833 848 2893 Falle
942 2873 1309 2933 würde
1367 2889 1470 2949 ich
1592 2904 1829 2964 nach
2008 2949 2791 3009 Mamarrths

446 3115 1080 3175 Ricklehr
1255 3174 1717 3234 (wan
1803 3203 1950 3263 die
2036 3241 2731 3301 Ereignnſe
2817 3284 2960 3344 in

419 3391 700 3451 der
837 3433 1132 3493 Welt
1205 3453 1291 3513 es
1415 3476 1981 3536 erlauben
2140 3494 2337 3554 u.
2386 3500 2496 3560 ich
2594 3506 2743 3566 zu

385 3646 827 3706 dieſem
898 3704 1498 3764 Zeitpunkt
1656 3744 1955 3804 nicht
2025 3761 2383 3821 etwa
2555 3770 2868 3830 nach

454 3964 1115 4024 Gronland
1287 4003 1699 4063 muß,
1775 4026 2025 4086 um
2144 4039 2404 4099 dort
2534 4038 2783 4098 über

331 4177 631 4237 eine
765 4230 1540 4290 Revolation
1698 4248 1888 4308 der
2188 4310 2904 4370 Eskuuos

483 4497 673 4557 Iu
766 4544 1301 4604 brrchenh
1459 4582 1490 4642 ſ
1649 4611 2183 4671 zwofhen
2311 4632 2563 4692 dem
2656 4634 2877 4694 Iht

474 4816 730 4876 5.
825 4831 1081 4891 und
1204 4848 1366 4908 10.
1479 4870 1953 4930 Otober
2134 4901 2598 4961 meinen
2693 4920 3063 4980 Unlaub
