1141 1436
630 148 898 208 Gtsealenetensst
921 146 961 206 19.

68 187 257 247 Lerlin,
265 198 314 258 6.
338 210 479 270 April.

174 372 395 432 Mein
438 389 580 449 duler
615 393 831 453 Freund,

67 494 212 554 Alſo
238 505 290 565 Du
347 514 425 574 biſt
446 519 523 579 jetzt
545 521 565 581 i
612 527 762 587 Ron,
772 535 856 595 und
882 534 918 594 es
949 532 996 592 iſt

70 590 246 650 geniß
279 599 351 659 ſehr
408 604 589 664 heirlich.

143 684 259 744 Daß
299 696 503 756 Antoine
535 696 603 756 die
623 705 935 765 »Geführtin«¬

63 773 295 833 aufführt,
345 783 436 843 haſt
467 785 527 845 Du
578 788 694 848 wohl
735 798 937 858 geleſen.

155 871 265 931 Die
277 876 419 936 kleine
458 879 580 939 Dore
618 890 773 950 Lfeger
812 916 953 976 ſprach
967 932 1050 992 mit

60 935 181 995 mir
211 947 322 1007 über
363 957 432 1017 ihn
513 974 654 1034 Liebe
695 984 765 1044 zu
836 992 956 1052 Din

50 1027 147 1087 Ich
168 1036 266 1096 ſagte
278 1045 356 1105 ihr,
368 1052 429 1112 Du
462 1061 649 1121 würdeſt
719 1070 846 1130 wohl
874 1083 1009 1143 kaum

58 1120 286 1180 heirathen
314 1147 584 1207 menigtens
626 1162 714 1222 jetzt
752 1168 845 1228 nicht
877 1175 914 1235 ſo

84 1219 294 1279 bald,
304 1230 372 1290 und
426 1239 484 1299 ſie
528 1244 626 1304 ſolle
673 1252 755 1312 mit
819 1256 900 1316 der
