3706 4549
337 501 560 561 mit
620 515 854 575 Erfolg
956 533 1372 593 gegeben
1503 551 1939 611 werden,
1991 560 2051 620 ſo
2132 565 2284 625 daß
2387 568 2487 628 Du
2660 574 3086 634 ſchließlich

310 695 532 755 aif
585 706 714 766 die
798 718 1171 778 weitere
1341 733 2001 793 Aufführung
2107 746 2193 806 in
2405 761 2714 821 Wien
2853 792 3310 852 verzichten

332 891 836 951 kannſt.
901 913 1070 973 Alle
1135 928 1696 988 Lebenssunſt
1789 942 2107 1002 kommt
2229 953 2359 1013 oft
2528 972 2883 1032 darauf
3023 1011 3387 1071 hinaus,

399 1087 768 1147 kleuus
869 1124 1597 1184 Couceſſicien
1717 1140 1800 1200 zu
1948 1148 2381 1208 mchen,
2436 1154 2528 1214 da
2732 1165 3036 1225 große

324 1277 659 1337 Zode
759 1285 831 1345 zu
940 1297 1422 1357 ewichen.
1612 1318 1812 1378 Das
1902 1331 2165 1391 große
2302 1345 2484 1405 Zieb
2665 1359 2865 1419 iſt,
2919 1367 3083 1427 daß

256 1477 486 1537 das
578 1501 1154 1561 Burgtheater
1303 1517 1526 1577 Dein
1690 1524 1913 1584 duu
1946 1528 2037 1588 es
2218 1534 2457 1594 Stück
2680 1546 3059 1606 ſpielt.

332 1703 496 1763 Ich
542 1707 871 1767 finde,
944 1711 1099 1771 daß
1255 1716 1392 1776 dir
1521 1725 2078 1785 Scheertha
2206 1735 2435 1795 durch
2609 1744 3002 1804 ſeinen

363 1906 712 1966 Beſuch
750 1912 984 1972 bei,
1051 1915 1202 1975 Dir
1363 1918 1702 1978 dereits
1815 1925 2004 1985 alle
2079 1934 2484 1994 mögliche
2625 1967 3257 2027 Satihaktion

338 2114 809 2174 gegeben
932 2132 1112 2192 hat,
1212 2137 1381 2197 und
1472 2138 1561 2198 ich
1696 2140 2088 2200 muirn,
2212 2143 2324 2203 Du
2537 2154 2908 2214 ſollteſt

348 2338 817 2398 darauf
905 2353 1543 2413 verzichten,
1640 2359 1764 2419 ihn
1950 2360 2375 2420 weiter
2508 2365 2587 2425 zu
2684 2373 3242 2433 deräthigen

333 2537 644 2597 Alles
703 2559 1355 2619 Suredäufen
1484 2567 1504 2627 e
1756 2571 2016 2631 nitzt
2166 2579 2627 2639 abeigens
2757 2595 3117 2655 nichts.

344 2724 515 2784 Du
648 2742 911 2802 wirſt
1012 2764 1398 2824 dädurch
1469 2780 1650 2840 nicht
1803 2792 2066 2852 mnen
2209 2798 2533 2858 frigen
2756 2792 2917 2852 und

371 2945 1058 3005 verlogenen
1234 2984 1727 3044 Menſchen
1875 2999 2089 3059 zum
2265 3007 2563 3067 Moth
2666 3008 2851 3068 und
2991 3005 3158 3065 zur

360 3166 876 3226 Brechchuit
1008 3188 1121 3248 be
1436 3207 2018 3267 zwurgen,
2152 3237 2396 3297 und
2523 3226 3012 3286 Öſterreich

330 3361 662 3421 wirſt
777 3382 891 3442 Du
993 3400 1211 3460 aoch
1338 3420 1543 3480 nicht
1594 3440 2119 3500 ändere.
2246 3449 2348 3509 Ich
2399 3448 2642 3508 hätte
2860 3432 3038 3492 dem

325 3606 971 3666 Scheener
1049 3633 1195 3693 an
1359 3663 1808 3723 Deiner
2050 3694 2343 3754 Selle
2455 3700 2973 3760 geadezu

304 3848 786 3908 geſagt:
896 3878 1143 3938 »Gut
1241 3901 1576 3961 laſſen
1748 3925 2021 3985 wirs
2107 3936 2489 3996 gehen,
2638 3935 2909 3995 abes

462 4113 841 4173 pielen
948 4138 1130 4198 Sis
1295 4149 1575 4209 mun
1798 4154 2153 4214 mues
2334 4154 2830 4214 Stück.
3003 4161 3225 4221 Und
