1211 1438
134 103 205 163 ſo
235 106 362 166 wirſt
403 111 454 171 Du
494 124 754 184 hoffentlich
775 124 846 184 die
881 133 1115 193 Aetwort

121 178 186 238 I
266 198 365 258 nicht
384 206 579 266 ſchuldig
623 206 872 266 bleiben.
912 216 1041 276 Eine

137 279 368 339 kräftige
395 286 477 346 und
523 284 614 344 doch
646 294 914 354 nornehme
937 313 1118 373 Abſage

138 364 225 424 an
247 369 330 429 den
357 372 385 432 g
476 378 760 438 Ehrenrath
797 382 907 442 und
957 388 1053 448 ei

142 465 576 525 Militarsmus
607 470 885 530 überhaupt
925 479 1082 539 wäre

152 541 320 601 wohl
350 557 730 617 angemeſſen,
747 565 859 625 und
937 564 1010 624 die

149 632 357 692 Neue
397 639 553 699 Freie
573 644 745 704 Preſſe
793 644 1049 704 könnte,

134 714 348 774 einer
401 729 578 789 ſolchen
659 726 935 786 Antwort
959 731 1068 791 aus

135 797 330 857 Deiner
377 804 530 864 Feder
568 804 641 864 die
691 812 1044 872 Aufnahme

140 881 382 941 kaum
445 889 857 949 verweigern.

265 982 379 1042 Ich
400 988 550 1048 drücke
587 991 672 1051 Dir
701 1002 952 1062 herzlichſt
1002 1014 1073 1074 die

143 1098 234 1158 Z
302 1090 445 1150 Hand
479 1088 575 1148 und
614 1096 792 1156 grüße
840 1100 927 1160 Dich
979 1106 1042 1166 in

163 1194 396 1254 Treue
446 1192 485 1252 –
530 1192 704 1252 obwohl
733 1199 778 1259 ich
813 1207 852 1267 es
882 1218 967 1278 für

170 1285 400 1345 meinen
436 1297 551 1357 Theil
598 1292 777 1352 lebfaft
819 1308 1053 1368 bedaure
