1141 1435
135 108 254 168 Sei
282 119 521 179 vielmals
573 123 669 183 und
716 124 826 184 von
854 148 1035 208 Herzen

83 205 318 265 gegrßt
349 213 482 273 noch

330 328 565 388 Darin
596 361 727 421 Poul
756 409 1050 469 Goldmann

48 422 200 482 Liebes
225 439 440 499 Fräubei
465 446 579 506 olga,
624 458 681 518 Ich
706 475 845 535 danke
864 491 985 551 hnr¬

64 515 188 575 Ihre
208 530 347 590 lieben
379 534 511 594 jeilen
570 534 650 594 und
690 543 834 603 freue
874 548 969 608 mich

66 595 180 655 auf
215 606 337 666 Ihren
368 610 517 670 Brief.
549 617 753 677 Könnten
773 625 843 685 Sie
870 629 992 689 nicht

59 671 174 731 den
204 682 353 742 Arthur
392 690 659 750 beſtimmen,
686 692 755 752 daß
800 697 839 757 er
892 699 1007 759 nach

49 744 196 804 Tirol
232 751 317 811 oder
373 762 601 822 Kärntheu
659 765 744 825 geht
792 769 910 829 ſtatt

52 822 193 882 nach
208 824 274 884 der
335 830 558 890 Schweiz?
590 840 714 900 Nach
746 845 827 905 mur
888 848 1054 908 richtet

58 899 128 959 er
154 904 217 964 ſich
246 904 379 964 nicht;
405 910 487 970 das
542 917 660 977 weiß
708 916 760 976 ich
816 917 926 977 aus

68 990 379 1050 Erfahrung.
384 989 490 1049 Aber
518 994 653 1054 wenn
672 995 751 1055 Sie
769 995 812 1055 es
835 1010 1067 1070 verlangen

45 1058 201 1118 richtet
228 1060 272 1120 er
308 1060 368 1120 ſich
412 1063 623 1123 vielleicht
659 1066 766 1126 nach
806 1081 989 1141 Ihnen

50 1127 152 1187 Das
174 1130 316 1190 Ganze
335 1132 459 1192 kann
492 1137 528 1197 ja
573 1138 653 1198 ein
693 1155 978 1215 Gefeimniß

48 1195 243 1255 bleiben
279 1210 474 1270 zwiſchen
499 1216 592 1276 uns
652 1227 887 1287 Beidee
912 1244 1061 1304 Bniden

167 1281 389 1341 getzlichſt
414 1290 478 1350 Ihr

468 1322 593 1382 Dr.
606 1330 708 1390 Paul
748 1332 1010 1392 Goldmann
