3731 4584
442 441 1235 501 Meiſterwerke
1368 457 1610 517 eines
1677 465 2154 525 genialen
2323 482 3021 542 Schriftſtellers
3110 498 3300 558 dem

416 619 1064 679 Publicum
1146 620 1667 680 ampreiſt.
1731 623 2106 683 MMir
2188 626 2562 686 gräuſte
2663 629 3028 689 herner

453 770 686 830 vor
763 775 936 835 dem
996 778 1640 838 Arbeitsgebiet
1759 775 1902 835 das
1979 775 2141 835 mir
2265 776 2933 836 zugewieſen
2993 794 3327 854 werden

442 942 852 1002 ſollte,
891 938 1033 998 der
1127 938 1884 998 ausländiſchen
1986 943 2491 1003 Politik,
2554 947 3003 1007 während
3066 949 3255 1009 doch

420 1091 826 1151 mein
897 1101 1262 1161 ganzes
1389 1102 1859 1162 Beſtreben
1922 1100 2192 1160 dahin
2312 1100 2582 1160 geht,
2677 1105 3273 1165 möglichſt,

421 1265 683 1325 aus
775 1272 906 1332 der
1007 1274 1307 1334 Politik
1500 1266 1870 1326 heraus
1962 1258 2056 1318 in
2125 1256 2263 1316 die
2387 1250 2950 1310 Literatur
3034 1258 3274 1318 oder

417 1426 1115 1486 werigſtens
1182 1428 1286 1488 in
1355 1424 1496 1484 den
1609 1419 1812 1479 mit
1909 1409 2434 1469 Literatur
2561 1406 2711 1466 ſich
2794 1415 3348 1475 beſchäfti¬

420 1582 899 1642 genden
1010 1580 1881 1640 Joairnalismus
2030 1567 2110 1627 zu
2210 1557 2850 1617 kommen.
2981 1547 3236 1607 Und

415 1722 676 1782 mir
778 1728 1163 1788 grauſte
1266 1726 1425 1786 vor
1541 1724 1686 1784 der
1782 1718 2225 1778 Rieſen-
2298 1707 2756 1767 Arbeit,
2785 1701 2922 1761 die
3025 1696 3330 1756 man

409 1881 694 1941 mir
820 1883 900 1943 in
997 1881 1323 1941 Wien
1461 1872 2055 1932 aufbürden
2164 1853 2615 1913 wollte,
2667 1841 2844 1901 vor
2930 1834 3055 1894 der

451 2048 1000 2108 Stellung
1075 2046 1192 2106 des
1317 2028 2567 2088 »Redoktions-Culis,
2600 2001 2742 2061 der
2841 1990 3058 2050 alle

431 2215 860 2275 Laſten
918 2214 1204 2274 trägt
1357 2205 1528 2265 vor
1596 2197 1729 2257 der
1863 2177 2597 2237 rückſichtsloſen
2673 2167 3303 2227 Ausbeutung

449 2365 663 2425 der
759 2373 1516 2433 Sklaverhalter
1680 2354 1783 2414 in
1886 2341 2204 2401 Wien
2256 2321 2876 2381 (während
2988 2314 3126 2374 die

505 2541 1405 2601 Sklavenhalter
1549 2518 1637 2578 in
1742 2496 2273 2556 Frankfurt
2401 2476 2586 2536 doch
2683 2470 2828 2530 ein
2916 2473 3285 2533 wenig

488 2709 579 2769 e
873 2703 1740 2763 rückſichtsvoller
1831 2661 2635 2721 ausbeuten).
2665 2653 2748 2713 Es
2808 2655 2920 2715 iſt
2982 2665 3307 2725 wahr,

453 2881 664 2941 als
740 2877 1520 2937 Compenſation
1654 2860 1847 2920 für
1924 2852 2077 2912 das
2194 2844 2463 2904 Alles
2530 2840 2790 2900 hatte
2896 2840 2992 2900 ich
3079 2847 3290 2907 Euch

-11 3048 280 3108 agen
459 3050 554 3110 in
620 3049 1016 3109 Wien.
1091 3044 1110 3104 E
1336 3036 1779 3096 Gewiß,
1807 3029 1892 3089 Du
1997 3022 2354 3082 ſchönſte
2440 3016 2647 3076 aller
2779 3016 3297 3076 louhen¬

439 3234 1068 3294 ſationen.
1153 3220 1363 3280 Aber
1441 3215 1565 3275 an
1651 3212 1783 3272 Die
1845 3209 2357 3269 Hauptſache
2451 3210 2575 3270 im
2699 3214 3003 3274 Leben
3057 3218 3197 3278 iſt

478 3397 703 3457 die
773 3391 1185 3451 Arbeit,
1208 3383 1333 3443 die
1403 3379 1644 3439 man
1800 3385 2127 3445 thut.
2196 3377 2570 3437 Davon
2687 3374 2897 3434 geht
2974 3377 3161 3437 alle

448 3562 1004 3622 Sonne,
1047 3556 1282 3616 alles
1361 3554 1746 3614 Behagen
1831 3553 2160 3613 aus.
2188 3552 2395 3612 Und
2481 3550 2823 3610 wenn
2909 3543 3158 3603 man

486 3732 647 3792 in
724 3727 1079 3787 ſeinen
1206 3712 2113 3772 Wirkungskris
2232 3703 2469 3763 nicht
2545 3705 3299 3765 hineinpaßt,

432 3888 568 3948 ſo
641 3884 750 3944 iſt
796 3881 961 3941 das
1034 3874 1353 3934 Daſein
1426 3870 1508 3930 in
1599 3865 2019 3925 ſeinem
2120 3863 2713 3923 Wichtigſten
2840 3876 3242 3936 verfehlt

482 4030 704 4090 und
802 4029 1044 4089 man
1112 4028 1335 4088 wird
1422 4030 2285 4090 tiefuerglücklich,
2314 4039 2489 4099 trotz
2528 4046 2790 4106 allen
2848 4063 3285 4123 Verkehrs
