1295 1519
139 81 250 141 daß
274 86 306 146 ich
326 89 402 149 erſt
425 89 505 149 den
537 91 680 151 Schluß
715 99 894 159 meines
934 106 1136 166 Urlauld

134 149 228 209 mit
257 159 335 219 Euch
356 161 632 221 verbringen
669 169 842 229 kann,
854 173 1011 233 wenn
1040 178 1106 238 Ihr

130 227 199 287 in
233 236 392 296 Vahrn
424 241 593 301 bleibt.
621 243 757 303 Ende
780 247 888 307 Ende
916 248 1098 308 Auguſt

129 296 262 356 miß
301 311 341 371 ich
356 314 400 374 in
430 323 562 383 Wien
622 325 745 385 ſein.
765 327 947 387 Samſtag
972 325 1104 385 früh!

125 387 293 447 fehre
312 389 347 449 ich
367 390 441 450 em
495 397 599 457 hier
618 400 707 460 ab.
742 402 801 462 De
825 404 870 464 ich
885 403 979 463 nicht
1003 408 1112 468 weiß

121 457 233 517 wo
268 461 315 521 ich
345 469 520 529 bleiben
589 475 775 535 werde,
787 481 919 541 kann
938 484 988 544 ich
1015 489 1096 549 Dir

127 541 275 601 noch
295 543 415 603 keine
429 547 607 607 Adreſſe
641 552 683 612 ih
707 558 870 618 geben.
890 575 1010 635 Aber
1034 583 1111 643 das

171 614 241 674 uß
292 623 348 683 ſich
368 629 576 689 Sonntag
601 629 687 689 oder
723 637 936 697 Montag
966 659 1205 719 entſcheiden

165 705 352 765 Ghreibe
372 701 445 761 Dir
479 704 626 764 dann
659 713 820 773 ſoforte
853 719 920 779 Laß
980 728 1081 788 alſo
1094 737 1194 797 das

146 773 309 833 erhen
336 781 454 841 ſein.
481 784 540 844 Da
586 787 635 847 Du
676 792 753 852 Dich
771 795 817 855 in
912 795 1044 855 Phru

138 855 282 915 wohl
309 865 448 925 fühlſt,
469 867 608 927 bleibe
640 873 769 933 Dort.
811 877 977 937 Wenn
992 876 1041 936 ich
1062 891 1212 951 meine

135 937 369 997 Neinen
395 941 468 1001 zur
504 940 661 1000 Raiſon
687 945 864 1005 gebracht
911 954 1036 1014 haben
1057 970 1192 1030 werde

150 1004 389 1064 komme
399 1013 431 1073 ich
463 1015 511 1075 zu
569 1017 686 1077 Euch,
702 1021 723 1081 –
739 1023 909 1083 dathin
951 1029 1052 1089 oder
1084 1041 1158 1101 an

139 1068 256 1128 den
278 1091 524 1151 gardaſen:
569 1102 784 1162 inſweilen
801 1105 869 1165 geht
882 1103 913 1163 es
945 1106 1030 1166 mir
1070 1122 1169 1182 recht

145 1164 338 1224 und.
363 1177 424 1237 s
439 1175 475 1235 iſ
506 1179 603 1239 eine
618 1183 740 1243 ganz
786 1187 1004 1247 verfluchte
1025 1209 1203 1269 Geſchichte

145 1237 309 1297 wenn
323 1243 443 1303 man
462 1248 559 1308 nicht
598 1262 785 1322 ſchläft.
814 1274 930 1334 Viele
978 1289 1137 1349 treue

163 1323 373 1383 Grüße
397 1323 458 1383 Dir
487 1330 567 1390 und
604 1337 669 1397 den
685 1343 819 1403 lieben
839 1353 1082 1413 Mlädchen!

483 1389 636 1449 Dein
668 1408 783 1468 Paul
814 1416 1064 1476 Goldmaann
