1209 1431
46 120 158 180 nicht
178 123 254 183 nur
305 131 560 191 widerliche
597 137 728 197 Kerle
760 143 836 203 ſich
848 145 963 205 über

53 194 242 254 meine
294 205 514 265 Kritiken
551 215 765 275 ſrenen,
789 218 994 278 ſonden

55 265 189 325 auch
234 273 312 333 ſehr
332 273 594 333 anſtändige
618 279 793 339 Leute.
826 285 941 345 Und

53 333 184 393 was
215 335 298 395 habe
326 337 363 397 ich
394 337 467 397 mich
487 336 546 396 um
563 335 632 395 die
681 353 1025 413 Rirtungen

53 409 120 469 zu
151 405 463 465 bekümmem
500 403 564 463 die
594 406 766 466 meine
789 421 1031 481 Kritiken

608 439 784 499 anſilben

51 467 150 527 auf
181 471 437 531 widerliche
468 475 594 535 Kele
630 486 850 546 wo?
895 500 1025 560 Was

54 547 181 607 habe
212 549 260 609 ich
292 545 379 605 mich
410 543 644 603 überhaupt
692 545 783 605 um
830 544 913 604 die

49 619 411 679 Wirkungen
444 613 640 673 meiner
717 608 963 668 Arbeiten

47 687 109 747 zu
150 679 509 739 bekümmern?
561 682 665 742 Das
694 682 754 742 iſt
779 682 798 742 I
905 687 990 747 ein

54 753 223 813 ganz
255 751 668 811 unkünſtlerſches
728 751 1028 811 Verlangen

44 827 169 887 das
203 830 261 890 Du
304 825 353 885 da
392 823 466 883 an
506 821 600 881 mich
625 821 796 881 ſtellſt.
833 819 928 879 Die

38 901 249 961 einzige
282 897 426 957 Frage
450 891 591 951 kann
640 890 744 950 doch
772 891 870 951 nur
894 889 968 949 die

48 981 233 1041 ſein,
246 979 281 1039 ob
323 970 487 1030 meine
542 961 786 1021 Kritiken
817 965 997 1025 meie

55 1051 418 1111 Überzeugung
443 1039 521 1099 und
554 1033 720 1093 meine
774 1039 1038 1099 Stimeine

56 1125 424 1185 auforücken.
443 1110 545 1170 Und
569 1109 613 1169 da
642 1113 826 1173 meine
855 1119 1015 1179 Über¬

62 1191 316 1251 zuugung
334 1189 385 1249 die
406 1187 487 1247 iſt,
512 1188 577 1248 daß
628 1197 821 1257 Gerhart

53 1279 404 1339 Hauptmann
432 1277 507 1337 ein
552 1289 1016 1349 minderwerthiger
