1143 1439
51 74 229 134 konnte
251 76 286 136 es
313 74 406 134 nicht
433 81 792 141 ſertigbringen,
809 85 925 145 das
952 107 1058 167 Luh

68 137 184 197 auf
206 142 288 202 am
322 142 422 202 Tiſch
439 148 594 208 liegen
655 148 711 208 zu
745 150 896 210 laſſen
926 162 1021 222 und

86 208 210 268 bis
242 217 324 277 zur
360 213 541 273 Première
566 216 613 276 zu
645 215 894 275 warten.
908 224 969 284 Ich

53 279 192 339 ſand
219 282 358 342 darin
395 276 630 336 Geiſtreiches
657 280 733 340 und
770 283 955 343 Frines

60 342 186 402 hatte
205 343 291 403 aber
311 341 401 401 nicht
432 336 511 396 den
562 342 773 402 Parken
805 349 1032 409 findruck

69 402 159 462 den
184 406 234 466 ich
258 410 498 470 erwartet
519 404 659 464 hatte.
684 413 800 473 Das
820 423 1063 483 eigentliche

66 469 256 529 Drama
287 476 428 536 wäre
442 478 621 538 meiner
701 489 863 549 Anſicht
887 495 987 555 nach

46 532 160 592 doch
189 547 454 607 geweſen,
464 548 629 608 wenn
668 548 736 608 ber
775 566 1040 626 journaliſt

51 602 174 662 denn
189 611 469 671 Schriftſteller
514 617 693 677 geſagt
719 623 861 683 hätte,
872 635 1014 695 was

57 672 128 732 ei
156 676 235 736 ihm
266 678 315 738 zu
341 682 472 742 ſagen
506 688 653 748 hatte.
668 686 806 746 Dann
837 690 987 750 wäre

49 745 105 805 es
130 745 362 805 natürlich
390 745 459 805 ein
482 749 702 809 anderes
761 750 1048 810 Stückge¬

58 810 280 870 worden;
317 806 412 866 aber
438 800 490 860 ich
538 805 662 865 weiß
702 808 835 868 auft,
849 810 895 870 ob
929 812 984 872 et

69 875 117 935 D
380 858 489 918 nicht
516 858 590 918 ein
630 871 962 931 Diamatiter

70 928 262 988 herade
287 924 407 984 dieſes
447 914 589 974 Sit
647 920 673 980 z
818 930 985 990 andire

86 990 224 1050 Stück
278 984 387 1044 hätte
420 979 602 1039 ſchreiben
656 975 881 1035 müſſen.
918 985 1019 1045 Im

74 1048 294 1108 Übrigen,
309 1046 373 1106 die
407 1042 686 1102 Aufführung
730 1045 862 1105 wird
887 1070 1072 1130 lehren,

196 1116 419 1176 Tauſend
441 1119 612 1179 grüße,
620 1116 756 1176 mein
791 1126 935 1186 lieter

84 1188 357 1248 Freund!
394 1190 496 1250 Und
549 1191 680 1251 frohe
713 1193 1027 1253 Feientage,

309 1246 478 1306 Dein

604 1266 777 1326 Paul
813 1292 1075 1352 Goldmann
