3751 4565
373 531 1729 591 herauszukomen.
1802 532 1959 592 Ich
2022 529 2306 589 ſehe,
2338 527 2496 587 daß
2622 526 2748 586 Du
2863 524 3189 584 große

345 709 1369 769 Anſtrengurgen
1440 701 1542 761 in
1696 693 2023 753 dieſer
2126 685 2659 745 Richtung
2803 693 3252 753 nächſt

333 864 578 924 und
685 869 781 929 ich
910 868 1113 928 bin
1176 860 1605 920 ſicher,
1637 851 1798 911 daß
1990 843 2097 903 es
2183 839 2354 899 Dir
2482 847 3091 907 gelingen

358 1049 822 1109 wird.
904 1037 1294 1097 Darum
1456 1025 1707 1085 halte
1803 1019 1876 1079 ich
1995 1015 2179 1075 den
2333 1017 3115 1077 »Rukadn-«

348 1233 651 1293 für
766 1224 927 1284 ein
1007 1216 1079 1276 ſo
1177 1199 1739 1259 wichtiges
1854 1177 3022 1237 Entwickelungs-¬

348 1412 1117 1472 Staliuen;
1153 1394 1415 1454 aber
1533 1369 2220 1429 inmnerhin
2320 1351 2600 1411 ſteht
2737 1351 2845 1411 er

343 1586 755 1646 noch,
807 1582 1026 1642 wie
1123 1571 1348 1631 mir
1535 1547 2038 1607 dunkt,
2122 1528 2360 1588 mit
2554 1519 3056 1579 einem

347 1763 800 1823 Seiße
900 1755 1062 1815 im
1238 1734 2199 1794 Anatolisneis.
2300 1716 2508 1776 Daß
2645 1709 2738 1769 es
2838 1708 3038 1768 Dir

338 1963 621 2023 auf
699 1951 1178 2011 Anderes
1350 1935 1656 1995 dabei
1751 1912 2724 1972 angekommen,
2802 1892 3022 1952 als

333 2149 633 2209 auf
736 2138 971 2198 eine
1101 2115 1964 2175 Liebesgeſchichte
2123 2089 2395 2149 mit
2518 2076 3014 2136 einem

439 2333 1348 2393 Theatermädel
1572 2296 1688 2356 iſt
1787 2278 2167 2338 klar.
2307 2261 2589 2321 Aber
2705 2260 2944 2320 das

368 2517 936 2577 Andere
1055 2503 1254 2563 iſt,
1335 2488 1869 2548 meinem
2077 2469 2448 2529 Gefühl
2611 2465 2936 2525 nach

318 2695 652 2755 nicht
745 2698 1023 2758 ſtark
1154 2693 1534 2753 genug
1702 2674 3058 2734 herausgekommen.

314 2892 607 2952 Dies
697 2892 848 2952 der
930 2884 1577 2944 Eindruck,
1697 2870 1900 2930 den
1980 2864 2091 2924 ich
2173 2858 2476 2918 beim
2577 2855 2981 2915 Leſen

363 3103 849 3163 gehabt
915 3091 1215 3151 habe.
1314 3077 1481 3137 Der
1591 3057 2090 3117 Eindruck
2244 3044 2356 3104 iſt
2466 3048 3042 3108 vielleicht

334 3301 832 3361 falſch,
897 3295 1103 3355 und
1201 3277 1851 3337 namentlich
1927 3262 2155 3322 auf
2274 3261 2448 3321 der
2631 3279 3022 3339 Bühne

334 3499 896 3559 geſtaltet
984 3494 1113 3554 ſich
1191 3493 1350 3553 Die
1448 3490 1794 3550 ganze
1911 3490 2523 3550 Wirkung
2652 3500 3214 3560 vielleicht

393 3723 775 3783 ganz
836 3716 1380 3776 anders.
1462 3712 1592 3772 Da
1714 3709 1804 3769 ich
1876 3708 2108 3768 aber
2198 3707 2561 3767 dieſen
2683 3712 3147 3772 Eindruck

429 3931 857 3991 beim
938 3939 1256 3999 Leſen
1367 3937 1825 3997 gehabt,
1925 3934 2174 3994 war
2263 3936 2364 3996 ich
2483 3955 3161 4015 verpflichtes

466 4145 694 4205 ihn
812 4145 830 4205 X
1049 4148 1241 4208 Dir
1432 4164 2218 4224 eitzutheilen.
2319 4196 2994 4256 Erſchöpfend
