1066 1654
178 111 378 171 untzher
460 133 585 193 dind

136 264 289 324 Mein
302 276 395 336 liebe
425 289 579 349 Frund,

87 372 172 432 Iu
197 389 326 449 deinen
362 418 528 478 (iterſen
553 431 700 491 -belien
725 441 860 501 würſhe
866 447 908 507 ich

72 443 155 503 Die
173 452 262 512 übers
286 466 375 526 mute
399 478 518 538 Glück.

117 535 272 595 ditte,
283 551 378 611 ſchreib
427 558 505 618 mir
522 565 605 625 dein
622 584 795 644 (Adreſte.
811 594 900 654 Totl

91 608 291 668 litnl,
310 638 693 698 Belmannntahe),
712 659 902 719 wüdruf

68 660 149 720 en
159 679 250 739 ſeolen
266 688 326 748 icht

143 740 224 800 ich
230 755 349 815 weide
386 772 548 832 Sanſtag
561 786 629 846 frich
648 793 730 853 von
742 801 811 861 hier
848 809 936 869 nig

72 811 222 871 ſehen
241 825 300 885 ein
340 830 378 890 zu
405 836 529 896 Deinee
561 853 731 913 Oreninl
757 868 783 928 d
835 885 985 945 Kolig¬

78 883 136 943 zu
150 891 231 951 ſein!

152 951 260 1011 bite
293 965 381 1025 ſage
415 985 542 1045 aefür,
549 996 617 1056 daß
650 1004 683 1064 ich
704 1006 751 1066 in
771 1022 933 1082 meiner

69 1019 270 1079 Vohnuen
299 1037 356 1097 im
386 1050 501 1110 Billet
541 1065 725 1125 vorfinde.

161 1103 296 1163 Deie
330 1125 493 1185 Muter,
513 1143 567 1203 die
594 1146 649 1206 Dich
669 1157 791 1217 zieſen
804 1168 913 1228 lißt,

70 1152 139 1212 iſt
153 1161 229 1221 auh
260 1173 305 1233 in
328 1198 525 1258 Franthurt

132 1256 338 1316 (trenn
379 1284 625 1344 unndlichlind,
643 1302 705 1362 daß
740 1315 832 1375 dene
849 1323 901 1383 be

69 1319 321 1379 Banſtehrt
346 1337 362 1397 d
402 1345 509 1405 Bedine
525 1360 680 1420 zandein
696 1369 745 1429 die
769 1376 843 1436 hat
868 1395 989 1455 mänh

66 1387 317 1447 Aſenheit
339 1409 447 1469 fülbt.

160 1462 298 1522 Viele
319 1476 396 1536 bee
408 1480 542 1540 geüße.
599 1505 734 1565 Dein

636 1554 757 1614 Paul
779 1551 872 1611 Goldm
