3760 5479
490 501 1133 561 während
1302 486 1417 546 er
1545 485 1756 545 an
1902 490 2377 550 einem
2557 507 3042 567 Werke

499 679 1255 739 arbeitet,
1298 666 1557 726 en
1806 656 2422 716 arbeitet
2563 661 2681 721 er
2810 684 3340 744 zugleich

530 894 941 954 ebeuß
1148 888 1307 948 an
1386 882 1608 942 ſich
1702 874 2210 934 ſelbſt.
2351 877 2875 937 Gewiß
3018 904 3288 964 ſoll

525 1119 985 1179 Jeder
1126 1113 1381 1173 mir
1548 1104 2188 1164 ſchaffen,
2277 1091 2687 1151 was
2865 1082 3007 1142 er

521 1330 1385 1390 vermag.
1480 1326 1769 1386 Aber
1997 1321 2345 1381 Jeder
2513 1315 2705 1375 ſoll
2836 1309 3149 1369 auch

509 1553 1115 1613 beſtrebt
1247 1559 1616 1619 ſein,
1711 1549 1735 1609 i
2045 1525 2639 1585 immer
2818 1534 3200 1594 mehr

538 1772 735 1832 zu
891 1775 1813 1835 vermögen.
1925 1751 2393 1811 Gewiß
2606 1732 3003 1792 darf

509 2030 1159 2090 Keiner
1240 2022 1530 2082 aus
1670 2007 2124 2067 ſeiner
2262 1998 2541 2058 Art
2704 1999 3355 2059 heraus¬

498 2237 1176 2297 wollen.
1279 2227 1579 2287 Doch
1682 2223 1808 2283 in
1901 2221 2407 2281 ſeiner
2510 2223 2763 2283 Art
2901 2236 3361 2296 kann

527 2470 1050 2530 Jeder
1188 2460 1615 2520 Alles
1793 2457 2552 2517 anſtreben
2758 2428 3075 2488 und

481 2699 818 2759 auf
926 2704 1228 2764 allen
1336 2694 1817 2754 Arten
1974 2676 2359 2736 kann
2468 2664 2853 2724 man
2962 2668 3298 2728 zum

625 2936 1390 2996 Höchſten
1539 2903 2430 2963 kommen,
2476 2900 2807 2960 wie
2944 2896 3047 2956 zu

527 3182 722 3242 ja
878 3175 1127 3235 alle
1285 3162 1755 3222 Wege
1924 3142 2329 3202 zum
2552 3113 3061 3173 ſelben

542 3412 1635 3472 Bergesgipfel
1778 3382 2365 3442 führen.
2553 3364 2918 3424 Blaß
3062 3372 3236 3432 Du

514 3666 845 3726 mir
1074 3659 1498 3719 ruhig
1636 3639 2139 3699 Deine
2276 3620 2780 3680 Flöte
2997 3616 3203 3676 die

500 3888 707 3948 ſo
893 3892 1241 3952 liebe
1439 3885 2007 3945 Klänge
2124 3880 2553 3940 gibt.
2658 3884 2820 3944 Ich
2901 3895 3365 3955 meine

528 4117 882 4177 nicht
1022 4118 1453 4178 nicht,
1485 4112 1700 4172 daß
1886 4105 2056 4165 Du
2242 4098 2519 4158 auf
2657 4104 3276 4164 einmal

583 4374 1462 4434 anfanigen
1647 4353 2028 4413 ſollſt
2213 4338 2412 4398 die
2554 4334 3036 4394 Geige

590 4627 805 4687 zu
978 4616 1770 4676 Ptreichen.
1849 4589 2184 4649 Aber
2440 4569 2573 4629 ich
2708 4562 3243 4622 möchte

569 4877 885 4937 daß
1087 4863 1245 4923 Du
1418 4845 1663 4905 auf
1822 4821 2382 4881 Deiner
2643 4822 3117 4882 Flotz

823 5083 1139 5143 ich
1298 5070 1457 5130 eit
1677 5043 2288 5103 einmal
2433 5030 2763 5090 ein
2872 5047 3434 5107 anderes
