1209 1436
118 148 253 208 em
276 155 380 215 Alles
427 164 608 224 verſagt
631 170 673 230 iſt
704 173 747 233 in
774 175 839 235 der
889 182 1005 242 Nähe

135 237 296 297 eines
347 250 387 310 ſo
406 256 575 316 großen
642 254 803 314 Glücks
859 259 921 319 zu

124 341 356 401 leben:
369 364 505 424 und
526 370 657 430 zwar
683 372 869 432 möglichſt
898 382 1034 442 raſch,

240 433 427 493 Theile
449 438 548 498 mir
581 442 724 502 alſo)
855 450 888 510 ſ

153 519 449 579 jedenfalls
472 520 560 580 noch
597 520 806 580 Näheres
866 528 982 588 über

127 601 318 661 Deine
361 605 676 665 Reiſpläne
722 606 889 666 mit.
936 615 1070 675 Kerr

130 679 320 739 möchte
350 686 449 746 auch
487 688 574 748 mit
628 686 723 746 Dir
769 686 869 746 und
923 689 1031 749 mir

169 764 494 824 zuſammen
522 766 675 826 ſen.
703 762 799 822 Soll
840 762 884 822 ich
920 772 1004 832 ihm

146 845 385 905 ſagen,
405 853 500 913 wo
546 850 599 910 Du
644 848 808 908 biſt?
873 855 994 915 Und

146 924 284 984 mit
344 922 563 982 mein?
623 933 935 993 Oiefweilen
970 954 1119 1014 haben

143 1001 313 1061 Herr
340 1009 429 1069 und
474 1010 523 1070 ich
545 1021 840 1081 feſtgeſetzt,
880 1038 992 1098 daß

128 1084 283 1144 wir
336 1101 412 1161 ans
443 1103 529 1163 am
574 1118 945 1178 Wortherſen,

158 1185 352 1245 treffen
386 1192 469 1252 und
508 1192 737 1252 vielleicht
767 1221 1102 1281 zuſammen

192 1278 453 1338 hingehn?
