1216 1436
137 115 224 175 Es
244 116 276 176 iſt
292 119 362 179 nicht
383 118 604 178 unmöglich,
648 130 707 190 daß
734 134 770 194 ich
782 138 841 198 für
873 140 944 200 Alga
964 150 1078 210 etmas

62 188 179 248 bei
197 196 302 256 Lielen
339 194 432 254 thun
444 193 583 253 könnte.
599 198 682 258 Aber
713 202 756 262 Du
790 207 954 267 müßteſt
982 216 1053 276 auch

49 259 292 319 eingrufen,
301 262 392 322 dem
409 262 501 322 Wort
531 262 674 322 würde
700 271 792 331 mehr
831 278 883 338 ins
904 285 1048 345 Gewacht

63 326 216 386 hatten
237 326 298 386 als
323 324 494 384 meines.
523 331 698 391 Wolzogen
726 345 841 405 krane
905 348 944 408 ich

55 392 287 452 perſöalich.
294 394 378 454 Auch
399 394 457 454 bei
475 394 544 454 ihm
599 404 759 464 könnteſt
791 410 834 470 Du
893 411 969 471 viel

65 463 316 523 ausrichten,
333 463 365 523 ich
410 464 533 524 könnte
571 467 649 527 mir
691 472 894 532 mitfelſen.
923 483 1014 543 Aber

64 522 186 582 möre
208 522 273 582 das
336 532 511 592 Ülerbrettl
542 531 627 591 dam
671 536 746 596 eine
818 548 1018 608 Exiſtenz.

68 583 171 643 Und
188 590 251 650 lit
385 597 428 657 iſt
468 594 517 654 die
542 596 676 656 Kleine
705 601 762 661 mit
802 607 899 667 ihren
919 609 1065 669 Studien

66 664 161 724 ſchon
176 662 316 722 fertig.

203 742 349 802 Goette
406 752 627 812 Guilbert,
638 757 745 817 deren
791 761 927 821 Mann
962 766 1034 826 Dich

57 806 206 866 kennt
227 813 299 873 und
336 814 437 874 liebt
457 820 591 880 (Deine
615 828 741 888 Werke
777 826 972 886 nämlich,

54 872 182 932 läßt
206 883 278 943 Dich
318 890 478 950 fragen,
490 893 522 953 ob
554 894 598 954 Du
630 897 678 957 ihr
717 896 801 956 nicht
846 894 977 954 einen

63 954 283 1014 Einakter
307 963 450 1023 ſchreiben
492 964 687 1024 möchteſt.
715 965 799 1025 Eine
823 968 1004 1028 Pierrot-¬

67 1023 316 1083 Komödie,
344 1035 409 1095 und
445 1037 560 1097 zwar
613 1034 739 1094 einen
767 1040 1097 1100 rvolitionänn

72 1098 277 1158 Piarrt.
320 1106 442 1166 Keine
481 1112 719 1172 Pantomine.
742 1116 812 1176 Die
838 1118 1023 1178 Komödie

58 1169 164 1229 ſoll
191 1174 258 1234 von
274 1179 397 1239 einem
438 1182 584 1242 großen
630 1193 920 1253 franzöſiſchen

72 1251 367 1311 Componiſten
394 1259 597 1319 fvielleicht
652 1273 1009 1333 Saart-Suens,
