3981 5865
1876 684 2233 744 Frankfurt
2291 684 2356 744 a.
2388 684 2543 744 M.,
2608 684 2787 744 27.
2884 692 3470 752 November.

699 1482 1044 1542 Nein
1124 1496 1389 1556 lieber
1521 1494 2007 1554 Freud,

419 1908 619 1968 Du
697 1922 1021 1982 ſchreibſt
1167 1934 1367 1994 mir
1480 1939 1724 1999 nicht.
1870 1941 2104 2001 Aber
2228 1938 2428 1998 jetzt
2507 1932 2796 1992 mößt
2953 1921 3087 1981 Du

385 2144 683 2204 mir
780 2150 1500 2210 antivorten.
1553 2154 1676 2214 Ich
1746 2158 2080 2218 brauche
2203 2160 2686 2220 dringen
2826 2159 3239 2219 Deinen

358 2344 759 2404 huth.
847 2362 1183 2422 Meine
1270 2370 1759 2430 Freundin
1861 2370 2365 2430 Oekonurt
2474 2369 2605 2429 ein
2730 2368 3022 2428 Kuud
3109 2370 3299 2430 von

364 2580 665 2640 mer
838 2574 1001 2634 und
1105 2574 1330 2634 darf
1493 2579 1830 2639 keroes
1924 2586 2658 2646 bekomiuen.
2795 2581 3011 2641 Gibt
3115 2571 3201 2631 es

362 2805 601 2865 ein
732 2808 872 2868 ſich
901 2808 1122 2868 eres
1311 2806 1801 2866 Mittel,
1831 2804 1992 2864 das
2201 2802 2281 2862 zu
2411 2802 3151 2862 verhindern?

388 3012 632 3072 Die
719 3018 984 3078 Sache
1081 3020 1188 3080 iſt
1384 3019 1628 3079 ſechs
1727 3016 2087 3076 Wochen
2146 3014 2390 3074 alt.
2546 3014 2781 3074 Aas
2957 3021 3435 3081 Grionden

395 3227 554 3287 Du
693 3237 863 3297 hier
952 3240 1140 3300 nicht
1330 3239 1628 3299 näher
1738 3232 2146 3292 erortert
2314 3226 2742 3286 werden
2841 3236 3348 3296 kowien,

334 3450 782 3510 wäre
878 3452 954 3512 es
1116 3452 1841 3512 unuöglich,
1936 3454 2117 3514 daß
2261 3454 2441 3514 der
2642 3456 2995 3516 Mann
3109 3458 3253 3518 der

403 3664 893 3724 Veler
1032 3664 1155 3724 des
1321 3665 1749 3725 Kides
1837 3669 2221 3729 wäre.
2361 3672 2545 3732 Die
2676 3674 3402 3734 Kataſtrophe,

339 3883 578 3943 die
656 3890 852 3950 wir
973 3894 1195 3954 eben
1384 3892 1599 3952 erſt
1693 3889 1890 3949 mot
2052 3886 2387 3946 Möhe
2473 3886 3150 3946 verhindert
3244 3902 3570 3962 haben,

343 4108 802 4168 wurde
894 4108 1100 4168 alſo
1307 4108 1616 4168 voſo
1720 4108 1880 4168 ſich
1915 4108 2168 4168 eres
2385 4108 2408 4168 d
2661 4108 2844 4168 und
2994 4111 3257 4171 uuſo

346 4328 1161 4388 ſchmachvoller
1375 4323 1580 4383 für
1676 4319 1831 4379 die
1890 4315 2240 4375 arme
2433 4314 2735 4374 Frau
2881 4326 3395 4386 herein¬

401 4544 980 4604 brechen,
1074 4544 1221 4604 und
1317 4542 1400 4602 ich
1474 4542 1842 4602 ſtunde
1958 4542 2305 4602 plötzlich
2379 4542 2474 4602 da
2600 4542 2769 4602 mit
2936 4542 3199 4602 Weil

329 4764 539 4824 und
630 4760 871 4820 Kurd
991 4758 1162 4818 und
1353 4756 2105 4816 wahrſcheinlich
2185 4756 2426 4816 ohne
2556 4752 3228 4812 Steldung.

388 4984 678 5044 Hier
757 4978 941 5038 habe
989 4973 1088 5033 ich
1271 4968 2030 5028 Nieurden,
2108 4966 2263 5026 der
2361 4966 2555 5026 ein
2720 4969 3090 5029 rathen
3177 4977 3527 5037 kaun!
