3783 5522
613 695 1138 755 Mach’
1182 687 1358 747 Dir
1521 684 1632 744 in
1697 684 2091 744 Berlin
2178 686 2322 746 ein
2398 688 2716 748 paar
2814 689 3077 749 gute

472 934 846 994 Tage!

752 1156 999 1216 In
1081 1171 1390 1231 Wien
1463 1174 1802 1234 ſollſt
1926 1171 2059 1231 Du
2194 1166 2421 1226 mich
2523 1162 2750 1222 nicht
2864 1167 3409 1227 erwarten

522 1362 714 1422 Ich
773 1380 1119 1440 käne
1167 1388 1535 1448 gern,
1602 1385 1795 1445 das
1910 1375 2306 1435 brauche
2422 1365 2528 1425 ich
2624 1361 2837 1421 Dir
2992 1362 3262 1422 wohl

435 1609 728 1669 nicht
834 1603 928 1663 zu
1064 1595 1505 1655 ſagen.
1651 1586 1914 1646 Aber
2008 1580 2154 1640 die
2281 1574 3067 1634 Entfernung

449 1844 982 1904 ſchreckt
1063 1816 1446 1876 mich.
1515 1809 1692 1869 Die
1775 1808 2144 1868 lange
2281 1819 3196 1879 Eiſeabahnreiſe

431 2078 714 2138 von
775 2067 1374 2127 Frankhurt
1566 2063 1972 2123 hierher
2176 2059 2501 2119 ſtrckt
2602 2053 2845 2113 mir
2957 2042 3200 2102 heut

396 2306 712 2366 noch
801 2303 924 2363 in
1011 2300 1223 2360 den
1354 2288 1988 2348 Gliedern.
2102 2280 2323 2340 Und
2393 2278 2684 2338 dann
2771 2286 3185 2346 langt

452 2539 985 2599 ſicherlich
1097 2518 1442 2578 mein
1699 2503 1955 2563 Geld
2054 2496 2478 2556 nicht.

875 2776 1446 2836 Schreib’
1491 2758 1704 2818 mir
1929 2738 2378 2798 wieder
2524 2731 2973 2791 hiecher

435 3055 864 3115 poste
990 3046 1630 3106 restaute,

1308 3444 1641 3504 Sel
1845 3447 2194 3507 breue
2397 3448 2919 3508 Grüße,

1744 3924 2177 3984 Dein

1626 4454 2117 4514 Paul,
2126 4512 2620 4572 Holdu
