3789 5508
2208 558 2388 618 S.
2425 594 2874 654 OAtober.

552 1220 970 1280 Mein
1051 1239 1327 1299 lieber
1398 1252 1868 1312 Freund.
1939 1262 2061 1322 Ich
2164 1269 2347 1329 habe
2439 1278 2745 1338 large
2828 1299 3418 1359 unentſchloſſt

495 1449 721 1509 hin
835 1454 1050 1514 und
1152 1459 1277 1519 her
1367 1469 2082 1529 geſchwackt,
2127 1476 2206 1536 ob
2309 1479 2399 1539 ich
2513 1482 2705 1542 nach
2853 1484 3136 1544 Wier

487 1669 1057 1729 Kruuu
1215 1692 1549 1752 ſoll.
1645 1698 1839 1758 Der
1944 1700 2383 1760 Abſchied
2506 1702 2699 1762 von
2814 1711 3287 1771 Florenz

498 1881 839 1941 fällt
978 1899 1213 1959 mir
1352 1914 1961 1974 unſagbar
2131 1916 2623 1976 ſchwer,
2687 1909 2890 1969 und
3019 1900 3125 1960 ich

444 2103 922 2163 ware
1012 2122 1238 2182 gern
1373 2133 1617 2193 noch
1707 2141 1897 2201 acht
2005 2149 2240 2209 Tage
2357 2165 3079 2225 geblieben.

448 2299 724 2359 Der
855 2342 1384 2402 Wunſch,
1420 2357 1610 2417 Dich
1707 2362 1947 2422 noch
2018 2365 2534 2425 einuail
2655 2397 3517 2457 wiederzuſchen,

438 2529 651 2589 ehr
766 2542 874 2602 ich
962 2555 1336 2615 wieder
1504 2567 1602 2627 in
1736 2573 1921 2633 der
2117 2586 2544 2646 großen
2660 2600 3104 2660 Arbeit

443 2784 1335 2844 untertauche,
1368 2805 1497 2865 hat
1593 2810 1615 2870 ſ
1734 2813 1905 2873 den
2099 2821 2788 2881 Ausſchlag
2916 2857 3487 2917 gegeben,

448 3016 1218 3076 Allerdings
1351 3048 1620 3108 hätte
1720 3054 1820 3114 ich
1932 3058 2177 3118 heut
2312 3060 2791 3120 beinahe
2925 3069 3215 3129 noch

422 3238 842 3298 mein
959 3272 1937 3332 Reiſe-Projekt
2093 3286 2944 3346 rünkgängig

467 3481 1196 3541 gernacht,
1259 3494 1365 3554 da
1503 3501 1629 3561 ich
1745 3508 1915 3568 die
2009 3517 2527 3577 geſtern
2632 3522 2833 3582 von
2971 3521 3193 3581 Dir

467 3730 1138 3790 erbetene
1259 3772 2205 3832 telegraphiſche
2337 3781 3030 3841 Antwort

452 3976 813 4036 nicht
922 3998 1430 4058 erhielt.
1508 4004 1763 4064 Aber
1851 4006 1948 4066 ich
2066 4009 2429 4069 dachte
2584 4019 2898 4079 mir

411 4226 760 4286 am
870 4253 1351 4313 Ende,
1373 4261 1559 4321 daß
1756 4264 2336 4324 vielleicht
2467 4262 2762 4322 wir
2927 4265 3134 4325 ern

444 4490 3075 4550 Comiiuiications-Hindernß

449 4698 1048 4758 voliegt
1138 4720 1431 4780 uund
1585 4727 2005 4787 werde
2159 4738 2733 4798 vorgen
2861 4769 3091 4829 alſo

495 4915 820 4975 doch
954 4947 1235 5007 nach
1393 4958 1999 5018 Veriedig
2235 4958 2863 5018 reiſen.
