<?xml version="1.0" encoding="UTF-8" standalone="yes"?>
<PcGts xmlns="http://schema.primaresearch.org/PAGE/gts/pagecontent/2013-07-15" xmlns:xsi="http://www.w3.org/2001/XMLSchema-instance" xsi:schemaLocation="http://schema.primaresearch.org/PAGE/gts/pagecontent/2013-07-15 http://schema.primaresearch.org/PAGE/gts/pagecontent/2013-07-15/pagecontent.xsd">
    <Metadata>
        <Creator>prov=READ-COOP:name=PyLaia@TranskribusPlatform:version=1.2.0:model_id=49503:lm=none:date=15_02_2023_10:06</Creator>
        <Created>2022-04-04T16:26:00.456+02:00</Created>
        <LastChange>2023-03-14T16:12:30.569+01:00</LastChange>
        <TranskribusMetadata docId="962554" pageId="37299520" pageNr="97" tsid="116804015" status="IN_PROGRESS" userId="64420" imgUrl="https://files.transkribus.eu/Get?id=HWTIRRNUYRUWRLVUSWKIMYLT&amp;fileType=view" xmlUrl="https://files.transkribus.eu/Get?id=RIMNJSWAJIAMESSTANFWVPNK" imageId="30076561"/>
    </Metadata>
    <Page imageFilename="DLA_1901_00097 DLA_85.1.3171_00080.jpg" imageWidth="1138" imageHeight="1431">
        <ReadingOrder>
            <OrderedGroup id="ro_1687340687792" caption="Regions reading order">
                <RegionRefIndexed index="0" regionRef="TextRegion_1678806115194_888"/>
            </OrderedGroup>
        </ReadingOrder>
        <TextRegion id="TextRegion_1678806115194_888" custom="readingOrder {index:0;}">
            <Coords points="83,10 1062,10 1062,410 1051,1057 1040,1319 75,1319 64,1057 64,771 72,447"/>
            <TextLine id="tr_1_tl_8" custom="readingOrder {index:0;} dateline {offset:0; length:17;} opener {offset:0; length:17; continued:true;} place {offset:0; length:6;} letter-begin {offset:0; length:0;} date {offset:8; length:9;}">
                <Coords points="79,238 119,212 194,214 235,240 285,216 329,222 401,264 437,237 478,240 474,189 340,175 256,184 216,167 179,180 112,151 73,162"/>
                <Baseline points="83,201 111,203 140,204 168,206 197,210 225,212 254,214 282,214 311,214 339,216 368,220 396,222 425,225 453,229 480,229"/>
                <Word id="tr_1_tl_8_w1" custom="readingOrder {index:0;}">
                    <Coords points="70,165 70,225 247,225 247,165"/>
                    <TextEquiv>
                        <Unicode>Belin,</Unicode>
                    </TextEquiv>
                </Word>
                <Word id="tr_1_tl_8_w2" custom="readingOrder {index:1;}">
                    <Coords points="254,179 254,239 469,239 469,179"/>
                    <TextEquiv>
                        <Unicode>23ccopt.</Unicode>
                    </TextEquiv>
                </Word>
                <TextEquiv>
                    <Unicode>Berlin, 23. Sept.</Unicode>
                </TextEquiv>
            </TextLine>
            <TextLine id="tr_1_tl_15" custom="readingOrder {index:1;} salute {offset:0; length:19;} opener {offset:0; length:19; continued:true;}">
                <Coords points="185,380 532,400 594,384 708,410 785,387 784,322 736,342 672,312 562,368 498,369 425,335 289,348 183,300"/>
                <Baseline points="191,368 220,370 248,373 277,375 305,377 334,377 362,377 390,377 419,379 447,381 476,383 504,383 533,381 561,381 590,381 618,381 647,381 675,381 704,381 732,381 761,383 779,404"/>
                <Word id="tr_1_tl_15_w1" custom="readingOrder {index:0;}">
                    <Coords points="180,334 180,394 371,394 371,334"/>
                    <TextEquiv>
                        <Unicode>Mein</Unicode>
                    </TextEquiv>
                </Word>
                <Word id="tr_1_tl_15_w2" custom="readingOrder {index:1;}">
                    <Coords points="396,342 396,402 541,402 541,342"/>
                    <TextEquiv>
                        <Unicode>lieber</Unicode>
                    </TextEquiv>
                </Word>
                <Word id="tr_1_tl_15_w3" custom="readingOrder {index:2;}">
                    <Coords points="584,341 584,401 795,401 795,341"/>
                    <TextEquiv>
                        <Unicode>Freund,</Unicode>
                    </TextEquiv>
                </Word>
                <TextEquiv>
                    <Unicode>Mein lieber Freund,</Unicode>
                </TextEquiv>
            </TextLine>
            <TextLine id="tr_2_tl_1" custom="readingOrder {index:2;} structure {type:paragraph;} latintype {offset:4; length:7;} person {offset:4; length:7;}">
                <Coords points="90,515 387,559 448,529 935,566 962,534 861,495 753,522 85,432"/>
                <Baseline points="96,497 125,499 153,504 182,506 210,510 239,512 267,512 296,514 324,516 353,518 381,518 409,521 438,523 466,525 495,527 523,531 552,533 580,535 609,537 637,537 666,537 694,537 723,538 751,538 780,540 808,540 836,542 865,544 893,548 922,548 950,550 966,552"/>
                <Word id="tr_2_tl_1_w1" custom="readingOrder {index:0;}">
                    <Coords points="83,462 83,522 208,522 208,462"/>
                    <TextEquiv>
                        <Unicode>die</Unicode>
                    </TextEquiv>
                </Word>
                <Word id="tr_2_tl_1_w2" custom="readingOrder {index:1;}">
                    <Coords points="240,475 240,535 382,535 382,475"/>
                    <TextEquiv>
                        <Unicode>Triesch</Unicode>
                    </TextEquiv>
                </Word>
                <Word id="tr_2_tl_1_w3" custom="readingOrder {index:2;}">
                    <Coords points="434,484 434,544 491,544 491,484"/>
                    <TextEquiv>
                        <Unicode>hat</Unicode>
                    </TextEquiv>
                </Word>
                <Word id="tr_2_tl_1_w4" custom="readingOrder {index:3;}">
                    <Coords points="507,494 507,554 640,554 640,494"/>
                    <TextEquiv>
                        <Unicode>bereits</Unicode>
                    </TextEquiv>
                </Word>
                <Word id="tr_2_tl_1_w5" custom="readingOrder {index:4;}">
                    <Coords points="693,498 693,558 758,558 758,498"/>
                    <TextEquiv>
                        <Unicode>die</Unicode>
                    </TextEquiv>
                </Word>
                <Word id="tr_2_tl_1_w6" custom="readingOrder {index:5;}">
                    <Coords points="794,504 794,564 936,564 936,504"/>
                    <TextEquiv>
                        <Unicode>Rollen</Unicode>
                    </TextEquiv>
                </Word>
                <TextEquiv>
                    <Unicode>Die Triesch hat bereits die Rollen</Unicode>
                </TextEquiv>
            </TextLine>
            <TextLine id="tr_2_tl_2" custom="readingOrder {index:3;} person {offset:10; length:7;}">
                <Coords points="74,585 994,637 992,576 819,599 678,555 74,564"/>
                <Baseline points="81,578 110,580 138,582 167,584 195,588 223,590 252,594 280,594 309,595 337,595 366,595 394,595 423,597 451,599 480,601 508,603 537,605 565,607 594,607 622,609 650,609 679,609 707,611 736,611 764,613 793,613 821,614 850,614 878,616 907,616 935,618 964,620 992,618 996,620"/>
                <Word id="tr_2_tl_2_w1" custom="readingOrder {index:0;}">
                    <Coords points="69,539 69,599 138,599 138,539"/>
                    <TextEquiv>
                        <Unicode>in</Unicode>
                    </TextEquiv>
                </Word>
                <Word id="tr_2_tl_2_w2" custom="readingOrder {index:1;}">
                    <Coords points="157,553 157,613 343,613 343,553"/>
                    <TextEquiv>
                        <Unicode>Deinen</Unicode>
                    </TextEquiv>
                </Word>
                <Word id="tr_2_tl_2_w3" custom="readingOrder {index:2;}">
                    <Coords points="362,559 362,619 556,619 556,559"/>
                    <TextEquiv>
                        <Unicode>Stücken</Unicode>
                    </TextEquiv>
                </Word>
                <Word id="tr_2_tl_2_w4" custom="readingOrder {index:3;}">
                    <Coords points="604,571 604,631 854,631 854,571"/>
                    <TextEquiv>
                        <Unicode>bekommen</Unicode>
                    </TextEquiv>
                </Word>
                <Word id="tr_2_tl_2_w5" custom="readingOrder {index:4;}">
                    <Coords points="870,576 870,636 955,636 955,576"/>
                    <TextEquiv>
                        <Unicode>und</Unicode>
                    </TextEquiv>
                </Word>
                <TextEquiv>
                    <Unicode>in Deinen Stücken bekommen und</Unicode>
                </TextEquiv>
            </TextLine>
            <TextLine id="tr_2_tl_3" custom="readingOrder {index:4;} textStyle {offset:21; length:1;strikethrough:true;} add {offset:22; length:1;} work {offset:24; length:8; continued:true;}">
                <Coords points="90,704 227,671 1004,704 1002,659 881,638 719,672 510,621 242,647 88,620"/>
                <Baseline points="96,662 125,662 153,664 182,666 210,666 239,669 267,671 296,673 324,673 353,673 381,673 409,675 438,675 466,677 495,679 523,679 552,681 580,685 609,687 637,688 666,688 694,688 723,688 751,688 780,690 808,690 836,690 865,690 893,692 922,692 950,694 979,694 1007,696"/>
                <Word id="tr_2_tl_3_w1" custom="readingOrder {index:0;}">
                    <Coords points="84,622 84,682 161,682 161,622"/>
                    <TextEquiv>
                        <Unicode>iſt</Unicode>
                    </TextEquiv>
                </Word>
                <Word id="tr_2_tl_3_w2" custom="readingOrder {index:1;}">
                    <Coords points="196,633 196,693 441,693 441,633"/>
                    <TextEquiv>
                        <Unicode>nämeintlich</Unicode>
                    </TextEquiv>
                </Word>
                <Word id="tr_2_tl_3_w3" custom="readingOrder {index:2;}">
                    <Coords points="482,639 482,699 569,699 569,639"/>
                    <TextEquiv>
                        <Unicode>von</Unicode>
                    </TextEquiv>
                </Word>
                <Word id="tr_2_tl_3_w4" custom="readingOrder {index:3;}">
                    <Coords points="615,648 615,708 691,708 691,648"/>
                    <TextEquiv>
                        <Unicode>den</Unicode>
                    </TextEquiv>
                </Word>
                <Word id="tr_2_tl_3_w5" custom="readingOrder {index:4;}">
                    <Coords points="746,650 746,710 865,710 865,650"/>
                    <TextEquiv>
                        <Unicode>Frau</Unicode>
                    </TextEquiv>
                </Word>
                <Word id="tr_2_tl_3_w6" custom="readingOrder {index:5;}">
                    <Coords points="911,653 911,713 978,713 978,653"/>
                    <TextEquiv>
                        <Unicode>mit</Unicode>
                    </TextEquiv>
                </Word>
                <TextEquiv>
                    <Unicode>iſt namentlich von demr Frau mit</Unicode>
                </TextEquiv>
            </TextLine>
            <TextLine id="tr_2_tl_4" custom="readingOrder {index:5;} work {offset:0; length:9; continued:true;}">
                <Coords points="67,757 254,789 321,758 394,798 484,761 599,805 668,777 790,831 918,836 983,797 981,750 64,699"/>
                <Baseline points="72,734 100,740 129,745 157,747 185,749 214,747 242,749 271,749 299,751 328,755 356,757 385,759 413,761 442,761 470,761 499,762 527,762 556,764 584,766 613,770 641,772 669,772 698,774 726,774 755,774 783,774 812,776 840,776 869,780 897,781 926,783 954,785 983,789 986,791"/>
                <Word id="tr_2_tl_4_w1" custom="readingOrder {index:0;}">
                    <Coords points="62,704 62,764 195,764 195,704"/>
                    <TextEquiv>
                        <Unicode>dem</Unicode>
                    </TextEquiv>
                </Word>
                <Word id="tr_2_tl_4_w2" custom="readingOrder {index:1;}">
                    <Coords points="221,709 221,769 315,769 315,709"/>
                    <TextEquiv>
                        <Unicode>Doh</Unicode>
                    </TextEquiv>
                </Word>
                <Word id="tr_2_tl_4_w3" custom="readingOrder {index:2;}">
                    <Coords points="340,721 340,781 576,781 576,721"/>
                    <TextEquiv>
                        <Unicode>entzückt.</Unicode>
                    </TextEquiv>
                </Word>
                <Word id="tr_2_tl_4_w4" custom="readingOrder {index:3;}">
                    <Coords points="607,732 607,792 688,792 688,732"/>
                    <TextEquiv>
                        <Unicode>Hat</Unicode>
                    </TextEquiv>
                </Word>
                <Word id="tr_2_tl_4_w5" custom="readingOrder {index:4;}">
                    <Coords points="709,734 709,794 765,794 765,734"/>
                    <TextEquiv>
                        <Unicode>ſie</Unicode>
                    </TextEquiv>
                </Word>
                <Word id="tr_2_tl_4_w6" custom="readingOrder {index:5;}">
                    <Coords points="786,736 786,796 847,796 847,736"/>
                    <TextEquiv>
                        <Unicode>ſich</Unicode>
                    </TextEquiv>
                </Word>
                <Word id="tr_2_tl_4_w7" custom="readingOrder {index:6;}">
                    <Coords points="868,742 868,802 966,802 966,742"/>
                    <TextEquiv>
                        <Unicode>auch</Unicode>
                    </TextEquiv>
                </Word>
                <TextEquiv>
                    <Unicode>dem Dolch entzückt. Hat ſie ſich auch</Unicode>
                </TextEquiv>
            </TextLine>
            <TextLine id="tr_4_tl_1" custom="readingOrder {index:6;} textStyle {offset:34; length:1;strikethrough:true;}">
                <Coords points="85,846 525,908 577,866 620,892 677,869 827,911 1010,894 1008,848 80,771"/>
                <Baseline points="89,821 117,825 146,829 174,831 203,831 231,833 260,833 288,833 316,835 345,836 373,838 402,838 430,842 459,844 487,848 516,848 544,848 573,850 601,850 630,855 658,859 687,863 715,863 743,863 772,863 800,865 829,867 857,867 886,869 914,871 943,874 971,876 1000,878 1013,878"/>
                <Word id="tr_4_tl_1_w1" custom="readingOrder {index:0;}">
                    <Coords points="78,793 78,853 392,853 392,793"/>
                    <TextEquiv>
                        <Unicode>bereitsrecht</Unicode>
                    </TextEquiv>
                </Word>
                <Word id="tr_4_tl_1_w2" custom="readingOrder {index:1;}">
                    <Coords points="450,808 450,868 585,868 585,808"/>
                    <TextEquiv>
                        <Unicode>hübſch</Unicode>
                    </TextEquiv>
                </Word>
                <Word id="tr_4_tl_1_w3" custom="readingOrder {index:2;}">
                    <Coords points="634,824 634,884 952,884 952,824"/>
                    <TextEquiv>
                        <Unicode>zurechtgelegt</Unicode>
                    </TextEquiv>
                </Word>
                <TextEquiv>
                    <Unicode>bereits recht hübſch zurechtgelegt.</Unicode>
                </TextEquiv>
            </TextLine>
            <TextLine id="tr_4_tl_2" custom="readingOrder {index:7;} person {offset:22; length:6;}">
                <Coords points="58,910 233,965 448,929 651,983 793,965 935,1020 1050,978 1046,914 741,923 600,881 511,919 438,878 354,904 53,846"/>
                <Baseline points="64,897 92,903 121,907 149,910 178,916 206,920 235,922 263,922 292,920 320,920 349,922 377,926 406,928 434,928 463,929 491,931 520,933 548,933 576,935 605,935 633,935 662,937 690,939 719,943 747,943 776,943 804,945 833,947 861,948 890,950 918,954 947,960 975,964 1003,971 1032,977 1051,979"/>
                <Word id="tr_4_tl_2_w1" custom="readingOrder {index:0;}">
                    <Coords points="54,867 54,927 195,927 195,867"/>
                    <TextEquiv>
                        <Unicode>und</Unicode>
                    </TextEquiv>
                </Word>
                <Word id="tr_4_tl_2_w2" custom="readingOrder {index:1;}">
                    <Coords points="230,880 230,940 342,940 342,880"/>
                    <TextEquiv>
                        <Unicode>ſpricht</Unicode>
                    </TextEquiv>
                </Word>
                <Word id="tr_4_tl_2_w3" custom="readingOrder {index:2;}">
                    <Coords points="377,888 377,948 501,948 501,888"/>
                    <TextEquiv>
                        <Unicode>jeden</Unicode>
                    </TextEquiv>
                </Word>
                <Word id="tr_4_tl_2_w4" custom="readingOrder {index:3;}">
                    <Coords points="542,895 542,955 624,955 624,895"/>
                    <TextEquiv>
                        <Unicode>Tag</Unicode>
                    </TextEquiv>
                </Word>
                <Word id="tr_4_tl_2_w5" custom="readingOrder {index:4;}">
                    <Coords points="671,903 671,963 883,963 883,903"/>
                    <TextEquiv>
                        <Unicode>Goetheſche</Unicode>
                    </TextEquiv>
                </Word>
                <Word id="tr_4_tl_2_w6" custom="readingOrder {index:5;}">
                    <Coords points="900,922 900,982 1035,982 1035,922"/>
                    <TextEquiv>
                        <Unicode>Verſe</Unicode>
                    </TextEquiv>
                </Word>
                <TextEquiv>
                    <Unicode>und ſpricht jeden Tag Goetheſche Verſe,</Unicode>
                </TextEquiv>
            </TextLine>
            <TextLine id="tr_4_tl_3" custom="readingOrder {index:8;}">
                <Coords points="73,1007 441,1010 530,1050 705,1020 960,1062 1003,1014 882,987 824,1015 756,972 668,1005 479,957 391,999 287,950 205,982 70,965"/>
                <Baseline points="77,981 106,986 134,990 163,994 191,996 220,1000 248,1000 277,1002 305,1005 334,1005 362,1007 390,1007 419,1007 447,1011 476,1015 504,1017 533,1021 561,1022 590,1021 618,1022 647,1021 675,1022 704,1021 732,1024 761,1024 789,1026 817,1026 846,1028 874,1032 903,1036 931,1038 960,1041 988,1043 1007,1047"/>
                <Word id="tr_4_tl_3_w1" custom="readingOrder {index:0;}">
                    <Coords points="67,947 67,1007 162,1007 162,947"/>
                    <TextEquiv>
                        <Unicode>um</Unicode>
                    </TextEquiv>
                </Word>
                <Word id="tr_4_tl_3_w2" custom="readingOrder {index:1;}">
                    <Coords points="216,960 216,1020 280,1020 280,960"/>
                    <TextEquiv>
                        <Unicode>ſich</Unicode>
                    </TextEquiv>
                </Word>
                <Word id="tr_4_tl_3_w3" custom="readingOrder {index:2;}">
                    <Coords points="312,965 312,1025 380,1025 380,965"/>
                    <TextEquiv>
                        <Unicode>im</Unicode>
                    </TextEquiv>
                </Word>
                <Word id="tr_4_tl_3_w4" custom="readingOrder {index:3;}">
                    <Coords points="447,983 447,1043 1014,1043 1014,983"/>
                    <TextEquiv>
                        <Unicode>Verſe-Recitiren,</Unicode>
                    </TextEquiv>
                </Word>
                <TextEquiv>
                    <Unicode>um ſich im Verſe-Recitiren</Unicode>
                </TextEquiv>
            </TextLine>
            <TextLine id="tr_3_tl_1" custom="readingOrder {index:9;} latintype {offset:23; length:7;} place {offset:23; length:7;}">
                <Coords points="79,1108 472,1094 740,1163 827,1116 1039,1150 1035,1089 842,1060 736,1092 451,1034 325,1066 232,1010 141,1063 75,1049"/>
                <Baseline points="85,1083 113,1085 142,1085 170,1087 199,1087 227,1087 256,1089 284,1089 313,1089 341,1091 370,1091 398,1089 427,1093 455,1093 483,1096 512,1098 540,1100 569,1100 597,1100 626,1100 654,1102 683,1102 711,1102 740,1106 768,1106 797,1108 825,1112 854,1114 882,1115 910,1121 939,1127 967,1134 996,1140 1024,1146 1040,1148"/>
                <Word id="tr_3_tl_1_w1" custom="readingOrder {index:0;}">
                    <Coords points="73,1045 73,1105 154,1105 154,1045"/>
                    <TextEquiv>
                        <Unicode>zu</Unicode>
                    </TextEquiv>
                </Word>
                <Word id="tr_3_tl_1_w2" custom="readingOrder {index:1;}">
                    <Coords points="188,1049 188,1109 350,1109 350,1049"/>
                    <TextEquiv>
                        <Unicode>aben.</Unicode>
                    </TextEquiv>
                </Word>
                <Word id="tr_3_tl_1_w3" custom="readingOrder {index:2;}">
                    <Coords points="392,1053 392,1113 486,1113 486,1053"/>
                    <TextEquiv>
                        <Unicode>Sie</Unicode>
                    </TextEquiv>
                </Word>
                <Word id="tr_3_tl_1_w4" custom="readingOrder {index:3;}">
                    <Coords points="516,1060 516,1120 627,1120 627,1060"/>
                    <TextEquiv>
                        <Unicode>will</Unicode>
                    </TextEquiv>
                </Word>
                <Word id="tr_3_tl_1_w5" custom="readingOrder {index:4;}">
                    <Coords points="690,1065 690,1125 789,1125 789,1065"/>
                    <TextEquiv>
                        <Unicode>nach</Unicode>
                    </TextEquiv>
                </Word>
                <Word id="tr_3_tl_1_w6" custom="readingOrder {index:5;}">
                    <Coords points="810,1081 810,1141 1014,1141 1014,1081"/>
                    <TextEquiv>
                        <Unicode>Munchen</Unicode>
                    </TextEquiv>
                </Word>
                <TextEquiv>
                    <Unicode>zu üben. Sie will nach München</Unicode>
                </TextEquiv>
            </TextLine>
            <TextLine id="tr_3_tl_2" custom="readingOrder {index:10;} latintype {offset:11; length:7;} person {offset:11; length:7;} latintype {offset:24; length:5;} person {offset:24; length:5;}">
                <Coords points="70,1215 395,1177 972,1225 969,1177 856,1152 667,1170 395,1115 303,1147 65,1110"/>
                <Baseline points="75,1169 104,1170 132,1172 161,1174 189,1176 218,1174 246,1176 275,1176 303,1176 332,1176 360,1176 389,1178 417,1180 446,1180 474,1182 502,1184 531,1186 559,1188 588,1189 616,1191 645,1193 673,1193 702,1193 730,1195 759,1197 787,1199 816,1201 844,1205 873,1207 901,1212 929,1214 958,1218 975,1216"/>
                <Word id="tr_3_tl_2_w1" custom="readingOrder {index:0;}">
                    <Coords points="62,1134 62,1194 260,1194 260,1134"/>
                    <TextEquiv>
                        <Unicode>führen</Unicode>
                    </TextEquiv>
                </Word>
                <Word id="tr_3_tl_2_w2" custom="readingOrder {index:1;}">
                    <Coords points="279,1136 279,1196 369,1196 369,1136"/>
                    <TextEquiv>
                        <Unicode>und</Unicode>
                    </TextEquiv>
                </Word>
                <Word id="tr_3_tl_2_w3" custom="readingOrder {index:2;}">
                    <Coords points="427,1145 427,1205 613,1205 613,1145"/>
                    <TextEquiv>
                        <Unicode>Lenbach</Unicode>
                    </TextEquiv>
                </Word>
                <Word id="tr_3_tl_2_w4" custom="readingOrder {index:3;}">
                    <Coords points="667,1154 667,1214 768,1214 768,1154"/>
                    <TextEquiv>
                        <Unicode>oder</Unicode>
                    </TextEquiv>
                </Word>
                <Word id="tr_3_tl_2_w5" custom="readingOrder {index:4;}">
                    <Coords points="799,1166 799,1226 946,1226 946,1166"/>
                    <TextEquiv>
                        <Unicode>Ituch</Unicode>
                    </TextEquiv>
                </Word>
                <TextEquiv>
                    <Unicode>fahren und Lenbach oder Stuck</Unicode>
                </TextEquiv>
            </TextLine>
            <TextLine id="tr_3_tl_3" custom="readingOrder {index:11;}">
                <Coords points="78,1273 427,1276 543,1338 629,1291 800,1299 872,1340 976,1309 973,1277 823,1231 763,1277 640,1220 597,1245 472,1213 262,1239 152,1198 74,1215"/>
                <Baseline points="83,1262 111,1263 140,1262 168,1263 197,1265 225,1263 254,1263 282,1263 311,1263 339,1265 368,1267 396,1267 425,1267 453,1271 482,1273 510,1277 538,1277 567,1281 595,1284 624,1286 652,1288 681,1290 709,1290 738,1292 766,1294 795,1294 823,1296 852,1298 880,1298 909,1301 937,1303 966,1307 977,1309"/>
                <Word id="tr_3_tl_3_w1" custom="readingOrder {index:0;}">
                    <Coords points="73,1223 73,1283 268,1283 268,1223"/>
                    <TextEquiv>
                        <Unicode>bitten</Unicode>
                    </TextEquiv>
                </Word>
                <Word id="tr_3_tl_3_w2" custom="readingOrder {index:1;}">
                    <Coords points="332,1227 332,1287 420,1287 420,1227"/>
                    <TextEquiv>
                        <Unicode>das</Unicode>
                    </TextEquiv>
                </Word>
                <Word id="tr_3_tl_3_w3" custom="readingOrder {index:2;}">
                    <Coords points="460,1243 460,1303 716,1303 716,1243"/>
                    <TextEquiv>
                        <Unicode>betreffende</Unicode>
                    </TextEquiv>
                </Word>
                <Word id="tr_3_tl_3_w4" custom="readingOrder {index:3;}">
                    <Coords points="770,1255 770,1315 862,1315 862,1255"/>
                    <TextEquiv>
                        <Unicode>Bild</Unicode>
                    </TextEquiv>
                </Word>
                <Word id="tr_3_tl_3_w5" custom="readingOrder {index:4;}">
                    <Coords points="894,1261 894,1321 949,1321 949,1261"/>
                    <TextEquiv>
                        <Unicode>zu</Unicode>
                    </TextEquiv>
                </Word>
                <TextEquiv>
                    <Unicode>bitten, das betreffende Bild zu</Unicode>
                </TextEquiv>
            </TextLine>
            <TextLine id="line_1678806167939_942" custom="readingOrder {index:12;} structure {type:paragraph;} postscript {offset:0; length:50; continued:true;} comment {offset:0; length:50;comment:kopfüber\u0020am\u0020oberen\u0020Rand\u0020der\u0020ersten\u0020Seite;} work {offset:21; length:4;}">
                <Coords points="1014,429 904,382 809,332 765,306 699,266 662,262 579,231 528,204 483,190 369,137 246,107 258,58 386,90 501,143 547,157 599,185 674,213 716,218 791,263 833,289 925,336 1034,383"/>
                <Baseline points="1032,388 923,341 831,293 788,267 714,223 673,218 597,190 545,162 499,148 384,95 257,63"/>
                <TextEquiv>
                    <Unicode>Sind in der letzten »Zeit« die ſchönen Geſpenſter¬</Unicode>
                </TextEquiv>
            </TextLine>
            <TextLine id="line_1678806188853_949" custom="readingOrder {index:13;} postscript {offset:0; length:31; continued:true;} work {offset:13; length:16;}">
                <Coords points="1012,374 979,352 897,324 837,282 802,270 703,229 648,206 494,134 515,88 668,160 722,182 820,223 860,238 919,280 1001,306 1040,332"/>
                <Baseline points="1037,336 999,311 917,284 858,242 818,228 720,187 666,165 513,93"/>
                <TextEquiv>
                    <Unicode>geſchichten »Das rothe Zimmer«,</Unicode>
                </TextEquiv>
            </TextLine>
            <TextLine id="line_1678806195715_954" custom="readingOrder {index:14;} postscript {offset:0; length:27; continued:true;} latintype {offset:0; length:8;} person {offset:0; length:8;} work {offset:10; length:17; continued:true;} latintype {offset:10; length:16;} foreign {offset:10; length:16;}">
                <Coords points="1053,314 984,288 880,243 795,194 704,160 553,101 571,54 722,113 816,148 902,199 1003,241 1071,267"/>
                <Baseline points="1069,272 1001,246 900,203 814,153 720,118 569,59"/>
                <TextEquiv>
                    <Unicode>Chamfort (Oeuvres choisies,</Unicode>
                </TextEquiv>
            </TextLine>
            <TextLine id="line_1678806201600_959" custom="readingOrder {index:15;} postscript {offset:0; length:20; continued:true;} work {offset:0; length:11; continued:true;}">
                <Coords points="1037,267 991,227 901,192 859,172 741,112 764,68 881,128 921,146 1017,184 1069,229"/>
                <Baseline points="1066,233 1014,188 919,151 879,132 762,72"/>
                <TextEquiv>
                    <Unicode>in 2 Bänden) iſt bei</Unicode>
                </TextEquiv>
            </TextLine>
            <TextLine id="line_1678806206621_964" custom="readingOrder {index:16;} latintype {offset:0; length:10;} organization {offset:0; length:10;} postscript {offset:0; length:10; continued:true;}">
                <Coords points="1058,217 984,169 926,141 874,118 894,72 947,95 1008,126 1085,175"/>
                <Baseline points="1082,179 1006,130 945,100 892,77"/>
                <TextEquiv>
                    <Unicode>Flammarion</Unicode>
                </TextEquiv>
            </TextLine>
            <TextLine id="line_1678806212028_969" custom="readingOrder {index:17;} postscript {offset:0; length:11; continued:true;}">
                <Coords points="1047,166 994,120 892,96 904,47 1016,76 1079,127"/>
                <Baseline points="1076,131 1014,80 903,52"/>
                <TextEquiv>
                    <Unicode>erſchienen.</Unicode>
                </TextEquiv>
            </TextLine>
            <TextEquiv>
                <Unicode>Berlin, 23. Sept.
Mein lieber Freund,
Die Triesch hat bereits die Rollen
in Deinen Stücken bekommen und
iſt namentlich von demr Frau mit
dem Dolch entzückt. Hat ſie ſich auch
bereits recht hübſch zurechtgelegt.
und ſpricht jeden Tag Goetheſche Verſe,
um ſich im Verſe-Recitiren
zu üben. Sie will nach München
fahren und Lenbach oder Stuck
bitten, das betreffende Bild zu
Sind in der letzten »Zeit« die ſchönen Geſpenſter¬
geſchichten »Das rothe Zimmer«,
Chamfort (Oeuvres choisies,
in 2 Bänden) iſt bei
Flammarion
erſchienen.</Unicode>
            </TextEquiv>
        </TextRegion>
    </Page>
</PcGts>
