3993 5877
1835 558 2206 618 Frankfurt
2263 558 2328 618 a.
2355 558 2504 618 M.,
2551 558 2719 618 29.
2737 558 3016 618 Ajrib
3213 560 3444 620 1899.

677 1500 1155 1560 Mein
1275 1501 1648 1561 lieber
1860 1487 2553 1547 Freund,

479 1712 906 1772 Dank
1009 1710 1156 1770 für
1259 1710 1603 1770 Deine
1769 1712 2259 1772 Karte,
2279 1714 2414 1774 die
2509 1713 2726 1773 mich
2831 1711 3028 1771 ſehr

439 1934 1038 1994 beruhigt
1116 1932 1319 1992 hat.
1446 1932 1588 1992 Ich
1651 1932 1856 1992 bin
1958 1932 2175 1992 recht
2303 1930 2597 1990 froh,
2698 1925 2890 1985 Dich
2979 1922 3107 1982 in

418 2150 919 2210 Berlin
1028 2148 1106 2208 zu
1235 2148 1667 2208 wiſſen.
1786 2148 2091 2208 Mein
2179 2148 2425 2208 Brief
2523 2144 2927 2204 erreicht
3034 2139 3232 2199 Dich

425 2372 1116 2432 Jedenfalls
1187 2372 1383 2432 am
1542 2370 2027 2430 Morgen
2125 2370 2363 2430 nach
2472 2371 2887 2431 einem
3035 2373 3411 2433 neuen

474 2597 959 2657 großen
1028 2597 1410 2657 Erfolge
1536 2591 1745 2651 und
1837 2587 2020 2647 ſoll
2137 2583 2345 2643 Dir
2472 2580 2749 2640 auch
2852 2582 3164 2642 gleich

402 2800 1005 2860 meinen
1076 2806 1900 2866 Glückwunſch
1989 2801 2583 2861 bringen.

808 3040 1657 3100 Nochmals,
1745 3024 2070 3084 bitte:
2173 3008 2555 3068 komm
2769 2998 3063 3058 nach

423 3242 1404 3302 Frinthrrti
1535 3241 1739 3301 die
1794 3236 2238 3296 Drrpfe
2460 3234 2905 3294 Crhenb
3072 3250 3368 3310 geht,

419 3454 801 3514 dieſe
918 3473 1219 3533 Woche
1311 3472 1392 3532 zu
1555 3462 1914 3522 Ende.
2077 3447 2565 3507 Nächſte
2669 3452 3029 3512 Woche

460 3669 1060 3729 werde
1123 3677 1207 3737 ich
1314 3682 1777 3742 ſicherlich
1966 3684 2324 3744 mehr
2419 3684 2682 3744 Zeit
2840 3678 3314 3738 haben.

355 3883 878 3943 Wenn
954 3887 1085 3947 Du
1204 3888 1303 3948 da
1390 3887 1685 3947 biſt,
1771 3884 2109 3944 kann
2175 3882 2262 3942 ich
2393 3880 2633 3940 mich
2752 3878 3101 3938 jeden

380 4098 1200 4158 Nachmittag
1362 4108 1610 4168 von
1685 4108 1707 4168 5
1858 4107 2042 4167 Uhr
2107 4106 2225 4166 ab
2517 4104 3294 4164 freimachen

411 4327 623 4387 Du
728 4328 1324 4388 brauchſt,
1430 4328 1654 4388 Dich
1792 4326 2069 4386 doch
2196 4323 2705 4383 wirklich
2864 4320 3215 4380 nicht

386 4554 538 4614 ſo
681 4556 767 4616 zu
929 4558 1262 4618 erlen
1500 4554 1787 4614 nach
1910 4551 2282 4611 Wien
2577 4546 3395 4606 zurückzui

398 4774 1175 4834 kommen.
1356 4768 1459 4828 Je
1571 4764 2045 4824 länger
2225 4759 2384 4819 Du
2565 4753 3230 4813 fortbleibſt

417 4980 863 5040 umſo
935 4977 1357 5037 beſſer
1487 4975 1625 5035 iſt
1787 4974 1998 5034 es.
2176 4971 2419 5031 Und
2557 4966 2752 5026 vor
2890 4959 3125 5019 ein
