3725 4564
427 603 787 663 eine
863 631 1318 691 Stellung
1442 648 1640 708 erſt
1745 659 2161 719 ſchoffen
2238 669 2636 729 wüßte
2750 680 2892 740 die
2978 688 3072 748 ich
3138 697 3337 757 hier

448 807 933 867 bereits
1007 830 1446 890 beſitze.
1576 835 2071 895 Zukunft
2155 832 2556 892 errdlich
2621 833 3070 893 (wenn
3153 841 3246 901 ich

419 983 1044 1043 überhaupt
1156 1002 1614 1062 Zukunft
1773 1009 2062 1069 habe)
2155 1011 2360 1071 gibt
2520 1013 2603 1073 es
2669 1015 2866 1075 doch
2968 1017 3229 1077 nur

405 1163 581 1223 in
670 1170 1430 1230 Deutſchland,
1527 1172 1766 1232 nicht
1899 1172 2023 1232 in
2093 1172 2641 1232 Öſterreich
2808 1176 3127 1236 dazu

434 1343 789 1403 karm
925 1351 1119 1411 noch
1196 1349 1721 1409 Allerlei,
1771 1340 2026 1400 was
2144 1335 2287 1395 die
2339 1334 2821 1394 Familie
2897 1347 3362 1407 angeht,

738 1543 1458 1603 Immerhin
1584 1532 1932 1592 wollte
2003 1523 2099 1583 ich
2209 1517 2423 1577 mit
2510 1511 2676 1571 der
2827 1543 3324 1603 »Neuen

451 1702 924 1762 Freien
983 1710 1367 1770 Preſſe«
1485 1702 1722 1762 nicht
1791 1692 2068 1752 gleich
2344 1677 2945 1737 abbrechen
3034 1686 3241 1746 und

449 1885 558 1945 E
806 1879 1141 1939 ſpann
1265 1872 1404 1932 die
1498 1866 1746 1926 Sache
1812 1858 2285 1918 weiter.
2330 1851 2555 1911 Wir
2687 1846 3131 1906 waren

452 2048 1160 2108 verblieben
1201 2045 1440 2105 (die
1529 2031 2417 2091 Chefredlacteurs
2547 2006 2757 2066 und
2876 1989 3135 2049 ich),
3175 2014 3335 2074 daß

415 2223 688 2283 zur
783 2219 1510 2279 Beſiegelung
1629 2196 2074 2256 meines
2212 2175 2733 2235 Eintritts
2853 2171 2956 2231 in
3033 2172 3212 2232 die

405 2400 1129 2460 Relaktion
1217 2381 2066 2441 Vertragsbriefe
2162 2346 3019 2406 ausgetäuſcht

409 2553 947 2613 werden
1031 2558 1475 2618 ſollten.
1550 2551 1692 2611 Ich
1786 2537 2201 2597 ſandte
2304 2521 2607 2581 einen
2711 2515 3210 2575 früheren

418 2729 743 2789 Brief
824 2735 1007 2795 von
1068 2729 1576 2789 Bacher,
1628 2713 1790 2773 den
1841 2702 2146 2762 dieſer
2319 2689 2614 2749 behufs
2695 2701 3437 2761 Aufſetzung.

450 2913 662 2973 As
732 2909 1246 2969 Vertrages
1351 2896 2006 2956 gewünſcht
2085 2886 2351 2946 hatte
2474 2878 2624 2938 an
2775 2876 2907 2936 ihn
2986 2884 3349 2944 zurück

421 3061 703 3121 und
776 3067 986 3127 lat
1105 3064 1278 3124 im
1379 3053 2154 3113 Überſendung
2281 3038 2419 3098 des
2555 3030 3130 3090 Vertrags

449 3244 1014 3304 briefes.
1072 3244 1513 3304 Wenige
1599 3232 1839 3292 Tage
1925 3217 2319 3277 darauf
2452 3208 2751 3268 ſtarb
2827 3215 3229 3275 Schape

466 3420 694 3480 der
784 3424 1250 3484 Berliner
1380 3407 2140 3467 Correſpondent
2221 3393 2385 3453 der
2490 3387 2654 3447 N.
2695 3385 2899 3445 Fr.
2956 3385 3193 3445 Po..

423 3586 616 3646 ich
675 3594 1028 3654 bekam
1104 3592 1289 3652 von
1340 3589 1499 3649 den
1592 3577 2172 3637 Redaktion
2265 3567 2424 3627 ein
2550 3570 3181 3630 Telegramm

389 3757 647 3817 mit
705 3760 830 3820 der
904 3754 1712 3814 Aufforderung,
1753 3745 1920 3805 den
2011 3740 2501 3800 Berliner
2635 3751 3325 3811 Correſpon¬

411 3927 804 3987 deuten
883 3932 1041 3992 der
1180 3927 1853 3987 Frankfurter
1985 3917 2457 3977 Zeitung
2563 3913 2702 3973 als
2842 3913 3035 3973 als

475 4125 1164 4185 Nachfolger
1246 4124 1410 4184 für
1524 4112 1965 4172 Schiff
2027 4101 2129 4161 zu
2284 4090 3076 4150 engagiren.
