3992 5871
1824 526 2215 586 Frankfurt
2270 530 2333 590 a.
2364 530 2497 590 M.
2537 530 2638 590 ).
2685 530 3013 590 Moi
3217 528 3390 588 1899

657 1445 1173 1505 Mein
1319 1462 1668 1522 lieber
1824 1466 2565 1526 Freund,

522 1902 750 1962 Ich
820 1898 1002 1958 ſehe
1048 1898 1208 1958 aus
1300 1896 1449 1956 den
1631 1896 1861 1956 hier
1974 1899 2890 1959 eingetroffenen
3017 1915 3565 1975 Berline¬

421 2100 1118 2160 Blättern,
1176 2106 1409 2166 wie
1555 2110 1786 2170 groß
1922 2113 2165 2173 Dein
2398 2117 2688 2177 Erfolg
2775 2120 3405 2180 geweſen

448 2339 789 2399 iſt,
830 2331 1027 2391 und
1151 2330 2134 2390 beglückwünſche
2259 2336 2476 2396 Dich
2673 2335 3242 2395 nochmals

401 2554 711 2614 von
800 2551 1318 2611 ganzem
1421 2544 1940 2604 Herzen.
2067 2540 2194 2600 Ich
2290 2538 2872 2598 erwarte
2967 2536 3222 2596 mir

362 2732 858 2792 davon
974 2747 1237 2807 gute
1383 2756 2161 2816 Wirkungen
2249 2756 2434 2816 auf
2570 2754 3008 2814 Deine

449 2974 1790 3034 Gewäthsverhaſſung
2022 2972 2822 3032 wenigſtens
2983 2976 3400 3036 einen

353 3185 877 3245 neuen
946 3197 1506 3257 Anſporn
1593 3196 1812 3256 zur
1995 3189 2564 3249 Arbeit,
2607 3185 2764 3245 daß
2913 3184 3035 3244 Du
3132 3187 3341 3247 alle

343 3397 583 3457 die
712 3410 872 3470 Dir
1001 3420 1771 3480 geſpendeten
2020 3418 2399 3478 Ehren
2499 3414 2658 3474 alt
2808 3412 2968 3472 in
3077 3410 3547 3470 gegen¬

383 3616 1033 3676 wärtigen
1173 3626 1721 3686 Moment
1842 3624 1982 3684 als
2103 3624 2567 3684 mitglos
2697 3635 3496 3695 empfindeſt,

365 3834 788 3894 kann
877 3840 978 3900 ich
1144 3846 1848 3906 begreifen.
1948 3848 2226 3908 Aber
2326 3848 2428 3908 ich
2494 3848 2684 3908 bin
2773 3848 3074 3908 froh,
3107 3847 3297 3907 daß

349 4049 625 4109 Du
779 4056 903 4116 in
989 4061 1334 4121 dieſen
1507 4069 1852 4129 Tagen
2063 4074 2953 4134 wenigſtens

433 4268 1132 4328 äußerlich
1256 4270 1476 4330 mit
1640 4275 2051 4335 etwas
2214 4280 2913 4340 Anderem
3029 4274 3048 4334 V

466 4501 1264 4561 beſchäftigt
1357 4496 1991 4556 geweſen
2131 4487 2437 4547 biſt,
2532 4480 2707 4540 als
2836 4474 3059 4534 mit

407 4727 1084 4787 Deinem
1198 4726 1918 4786 Schmerz;
2022 4714 2261 4774 und
2376 4707 2636 4767 auch
2772 4704 3158 4764 dieſer

452 4930 902 4990 wird
1121 4927 1362 4987 und
1561 4923 1843 4983 muß
2085 4920 2607 4980 milder
2849 4924 3444 4984 weniger
