3624 4545
1142 443 1356 503 23.
1397 460 1845 520 Ohlober.

467 930 863 990 Mein
939 963 1226 1023 lieber
1369 982 1799 1042 Freund

493 1249 657 1309 Ich
772 1286 960 1346 bin
1067 1299 1235 1359 ſeit
1412 1314 1875 1374 geſtern
1964 1323 2396 1383 wieder
2583 1325 2908 1385 hier,
2967 1324 3203 1384 ſtecke

320 1510 553 1570 in
666 1545 1107 1605 Büreau
1160 1565 1541 1625 Dienſt
1645 1574 1827 1634 und
2000 1577 2251 1637 will
2382 1579 2599 1639 Dir
2754 1579 3014 1639 wur

369 1765 712 1825 raſch
914 1798 1171 1858 noch
1273 1805 1761 1865 einaaal
2004 1802 2277 1862 und
2506 1805 2751 1865 von
2836 1824 3253 1884 ganzer

357 2049 906 2109 Herzen
1091 2068 1520 2128 darken
1750 2062 1959 2122 für
2079 2056 2310 2116 alle
2573 2055 2760 2115 die
2969 2064 3056 2124 ſo

323 2305 1160 2365 wohlthuerde
1309 2349 2319 2409 Freurdſchaft,
2467 2353 2651 2413 die
2778 2355 2939 2415 Du
3042 2359 3260 2419 enr

346 2547 1021 2607 während
1284 2592 1897 2652 meines
2160 2602 3110 2662 Auferthaltes

356 2756 530 2816 in
646 2782 1005 2842 Wien
1209 2829 1879 2889 erwieſen
2033 2857 2344 2917 haſt.

617 3039 898 3099 Auch
995 3076 1406 3136 Deiner
1622 3094 1969 3154 Frau
2162 3097 2638 3157 Mutter
2833 3115 3157 3175 bitte

379 3242 537 3302 ich
722 3302 1223 3362 meinen
1517 3337 2275 3397 herzlichſten
2434 3345 2777 3405 Dank
2900 3356 3095 3416 für

327 3544 617 3604 ihre
780 3579 1044 3639 Güte
1182 3591 1283 3651 zu
1484 3596 1963 3656 ſagen.

585 3840 1013 3900 Meine
1168 3868 1784 3928 Faiilin
1952 3880 2211 3940 hier
2369 3884 2493 3944 iſt
2640 3884 2838 3944 der

486 4076 1029 4136 beſicht,
1062 4100 1227 4160 daß
1325 4109 1423 4169 ich
1523 4116 1753 4176 nach
1835 4123 2263 4183 Berlin
2378 4129 2543 4189 hür
2657 4136 2839 4196 die
2904 4145 3216 4205 Nerg
