1191 806
64 80 252 140 Beilin
284 83 362 143 21.
377 87 508 147 Juli.
548 102 704 162 Mein
722 108 864 168 lieber
896 113 1042 173 Bemd

63 157 194 217 Haſt
216 160 266 220 Du
287 162 466 222 meinen
509 168 605 228 nach
630 178 791 238 Vahre
820 189 1091 249 geſandten

60 233 206 293 Brief
240 239 450 299 erhalten?
484 245 540 305 Du
566 249 720 309 hätteſt
739 251 867 311 keine
886 253 1069 313 nähere

76 304 269 364 Adreſſe
287 311 535 371 angegeben.
574 321 628 381 Ich
653 329 800 389 ſchreibe
829 321 915 381 alſo
940 322 1015 382 der

63 384 351 444 Sicherheit
374 386 508 446 haller
527 390 617 450 noch
658 392 834 452 einmal
856 388 909 448 an
931 393 1077 453 Deine

68 459 308 519 Winer
329 461 503 521 Adreſe,
524 460 583 520 daß
614 458 656 518 ich
667 458 1056 518 Montagreiſ¬

69 529 184 589 Ende
202 532 259 592 der
281 531 410 591 Woche
428 533 482 593 in
533 531 709 591 Siekirn
734 533 806 593 bei
835 535 1065 595 Hischfell

68 599 202 659 ſein
219 596 365 656 düchte,
372 595 440 655 wo
464 593 502 653 ich
533 593 666 653 Deine
697 599 847 659 lieben
871 607 1117 667 Nachruten

92 669 167 729 zu
194 669 327 729 finden
347 670 453 730 ſoſſe.
489 684 742 744 Heglichſt
776 677 946 737 Dein)
