<?xml version="1.0" encoding="UTF-8" standalone="yes"?>
<PcGts xmlns="http://schema.primaresearch.org/PAGE/gts/pagecontent/2013-07-15" xmlns:xsi="http://www.w3.org/2001/XMLSchema-instance" xsi:schemaLocation="http://schema.primaresearch.org/PAGE/gts/pagecontent/2013-07-15 http://schema.primaresearch.org/PAGE/gts/pagecontent/2013-07-15/pagecontent.xsd">
    <Metadata>
        <Creator>prov=READ-COOP:name=PyLaia@TranskribusPlatform:version=1.2.0:model_id=49503:lm=none:date=15_02_2023_10:06</Creator>
        <Created>2022-04-04T16:26:06.043+02:00</Created>
        <LastChange>2023-03-15T10:29:55.110+01:00</LastChange>
        <TranskribusMetadata docId="962554" pageId="37299553" pageNr="130" tsid="116844601" status="IN_PROGRESS" userId="64420" imgUrl="https://files.transkribus.eu/Get?id=VCFLNJJPBOBBUPTRMSIFBQZV&amp;fileType=view" xmlUrl="https://files.transkribus.eu/Get?id=GXJEOIIMFDVLRIUNWTEGZRWZ" imageId="30076594"/>
    </Metadata>
    <Page imageFilename="DLA_1901_00130 DLA_85.1.3171_00106.jpg" imageWidth="1141" imageHeight="1433">
        <ReadingOrder>
            <OrderedGroup id="ro_1687340687956" caption="Regions reading order">
                <RegionRefIndexed index="0" regionRef="TextRegion_1678871930787_749"/>
            </OrderedGroup>
        </ReadingOrder>
        <TextRegion id="TextRegion_1678871930787_749" custom="readingOrder {index:0;}">
            <Coords points="57,100 1069,100 1069,580 984,1346 239,1346 57,580"/>
            <TextLine id="tr_1_tl_1" custom="readingOrder {index:0;} work {offset:10; length:7;} latintype {offset:18; length:8;} person {offset:18; length:7;}">
                <Coords points="76,166 454,147 1028,195 1027,111 76,126"/>
                <Baseline points="83,152 112,152 140,150 169,150 197,152 226,153 254,153 283,153 311,155 340,153 368,153 397,152 425,152 454,150 482,152 511,152 539,155 568,155 596,157 625,157 653,157 682,159 710,159 739,159 767,163 796,161 824,163 853,167 881,167 910,171 938,174 967,176 995,176 1024,176 1031,176"/>
                <Word id="tr_1_tl_1_w1" custom="readingOrder {index:0;}">
                    <Coords points="72,111 72,171 180,171 180,111"/>
                    <TextEquiv>
                        <Unicode>bint</Unicode>
                    </TextEquiv>
                </Word>
                <Word id="tr_1_tl_1_w2" custom="readingOrder {index:1;}">
                    <Coords points="213,114 213,174 402,174 402,114"/>
                    <TextEquiv>
                        <Unicode>einem</Unicode>
                    </TextEquiv>
                </Word>
                <Word id="tr_1_tl_1_w3" custom="readingOrder {index:2;}">
                    <Coords points="451,115 451,175 707,175 707,115"/>
                    <TextEquiv>
                        <Unicode>lnfrat</Unicode>
                    </TextEquiv>
                </Word>
                <Word id="tr_1_tl_1_w4" custom="readingOrder {index:3;}">
                    <Coords points="750,127 750,187 997,187 997,127"/>
                    <TextEquiv>
                        <Unicode>Perfalls</Unicode>
                    </TextEquiv>
                </Word>
                <TextEquiv>
                    <Unicode>aus einem Referat Perfalls</Unicode>
                </TextEquiv>
            </TextLine>
            <TextLine id="tr_1_tl_2" custom="readingOrder {index:1;} work {offset:7; length:18;}">
                <Coords points="67,243 309,239 454,283 614,253 644,276 686,240 992,258 990,218 826,205 67,209"/>
                <Baseline points="74,233 102,233 131,231 159,231 188,231 216,233 245,235 273,237 302,237 330,237 359,237 387,237 416,235 444,235 473,233 501,233 530,233 558,233 587,235 615,235 644,235 672,237 701,239 729,241 758,239 786,241 815,241 843,243 872,245 900,247 929,250 957,254 986,252 1013,265"/>
                <Word id="tr_1_tl_2_w1" custom="readingOrder {index:0;}">
                    <Coords points="63,192 63,252 154,252 154,192"/>
                    <TextEquiv>
                        <Unicode>in</Unicode>
                    </TextEquiv>
                </Word>
                <Word id="tr_1_tl_2_w2" custom="readingOrder {index:1;}">
                    <Coords points="175,192 175,252 255,252 255,192"/>
                    <TextEquiv>
                        <Unicode>der</Unicode>
                    </TextEquiv>
                </Word>
                <Word id="tr_1_tl_2_w3" custom="readingOrder {index:2;}">
                    <Coords points="297,194 297,254 600,254 600,194"/>
                    <TextEquiv>
                        <Unicode>Kölieſchen</Unicode>
                    </TextEquiv>
                </Word>
                <Word id="tr_1_tl_2_w4" custom="readingOrder {index:3;}">
                    <Coords points="642,201 642,261 973,261 973,201"/>
                    <TextEquiv>
                        <Unicode>Zeitung</Unicode>
                    </TextEquiv>
                </Word>
                <TextEquiv>
                    <Unicode>in der Kölniſchen Zeitung,</Unicode>
                </TextEquiv>
            </TextLine>
            <TextLine id="line_1678871967547_760" custom="readingOrder {index:2;}">
                <Coords points="57,291 234,276 625,269 860,276 946,292 947,321 896,345 834,348 788,349 371,338 287,335 57,323"/>
                <Baseline points="64,313 93,313 121,311 150,311 178,311 207,313 235,315 264,317 292,319 321,321 349,323 378,321 406,321 435,321 463,319 492,317 520,315 549,315 577,317 606,317 629,317 680,321 708,319 737,319 765,319 794,319 822,317 851,321 879,323 908,324 936,326 950,321"/>
                <Word id="tr_1_tl_3_w1" custom="readingOrder {index:0;}">
                    <Coords points="54,271 54,331 188,331 188,271"/>
                    <TextEquiv>
                        <Unicode>mir</Unicode>
                    </TextEquiv>
                </Word>
                <Word id="tr_1_tl_3_w2" custom="readingOrder {index:1;}">
                    <Coords points="224,280 224,340 394,340 394,280"/>
                    <TextEquiv>
                        <Unicode>damit</Unicode>
                    </TextEquiv>
                </Word>
                <Word id="tr_1_tl_3_w3" custom="readingOrder {index:2;}">
                    <Coords points="426,279 426,339 497,339 497,279"/>
                    <TextEquiv>
                        <Unicode>Du</Unicode>
                    </TextEquiv>
                </Word>
                <Word id="tr_1_tl_3_w4" custom="readingOrder {index:3;}">
                    <Coords points="525,276 525,336 617,336 617,276"/>
                    <TextEquiv>
                        <Unicode>ſich</Unicode>
                    </TextEquiv>
                </Word>
                <Word id="tr_1_tl_4_w1" custom="readingOrder {index:4;}">
                    <Coords points="669,279 669,339 843,339 843,279"/>
                    <TextEquiv>
                        <Unicode>,daß</Unicode>
                    </TextEquiv>
                </Word>
                <Word id="tr_1_tl_4_w2" custom="readingOrder {index:5;}">
                    <Coords points="892,284 892,344 931,344 931,284"/>
                    <TextEquiv>
                        <Unicode>es</Unicode>
                    </TextEquiv>
                </Word>
                <TextEquiv>
                    <Unicode>nur damit Du ſiehſt, daß es</Unicode>
                </TextEquiv>
            </TextLine>
            <TextLine id="tr_1_tl_5" custom="readingOrder {index:3;} latintype {offset:12; length:8;} person {offset:12; length:8;}">
                <Coords points="52,421 237,395 287,430 812,407 1068,440 964,374 729,387 522,334 393,372 49,354"/>
                <Baseline points="58,383 87,389 115,389 144,389 172,389 201,391 229,393 258,395 286,397 315,399 343,402 372,404 401,402 429,404 458,404 486,402 515,402 543,402 572,404 600,404 629,404 657,404 686,406 714,406 743,406 771,406 800,406 828,410 857,412 885,416 914,420 942,423 971,429 999,433 1028,435 1056,437 1069,435"/>
                <Word id="tr_1_tl_5_w1" custom="readingOrder {index:0;}">
                    <Coords points="46,349 46,409 260,409 260,349"/>
                    <TextEquiv>
                        <Unicode>außer</Unicode>
                    </TextEquiv>
                </Word>
                <Word id="tr_1_tl_5_w2" custom="readingOrder {index:1;}">
                    <Coords points="312,363 312,423 438,423 438,363"/>
                    <TextEquiv>
                        <Unicode>Herrn</Unicode>
                    </TextEquiv>
                </Word>
                <Word id="tr_1_tl_5_w3" custom="readingOrder {index:2;}">
                    <Coords points="463,364 463,424 752,424 752,364"/>
                    <TextEquiv>
                        <Unicode>lbermann</Unicode>
                    </TextEquiv>
                </Word>
                <Word id="tr_1_tl_5_w4" custom="readingOrder {index:3;}">
                    <Coords points="800,372 800,432 915,432 915,372"/>
                    <TextEquiv>
                        <Unicode>auch</Unicode>
                    </TextEquiv>
                </Word>
                <Word id="tr_1_tl_5_w5" custom="readingOrder {index:4;}">
                    <Coords points="955,393 955,453 1055,453 1055,393"/>
                    <TextEquiv>
                        <Unicode>noch</Unicode>
                    </TextEquiv>
                </Word>
                <TextEquiv>
                    <Unicode>außer Herrn Ebermann auch noch</Unicode>
                </TextEquiv>
            </TextLine>
            <TextLine id="tr_1_tl_6" custom="readingOrder {index:4;}">
                <Coords points="51,476 301,515 410,484 491,517 759,483 1044,503 755,436 553,467 443,421 301,467 197,431 51,443"/>
                <Baseline points="57,471 85,473 114,475 142,475 171,475 199,478 228,480 256,480 285,480 313,480 342,482 370,484 399,484 427,486 456,484 484,484 513,484 541,484 570,486 598,486 627,486 655,486 684,484 712,484 741,482 769,482 798,482 826,484 855,486 883,490 912,494 940,497 969,499 997,503 1026,503 1047,503"/>
                <Word id="tr_1_tl_6_w1" custom="readingOrder {index:0;}">
                    <Coords points="48,435 48,495 292,495 292,435"/>
                    <TextEquiv>
                        <Unicode>andern</Unicode>
                    </TextEquiv>
                </Word>
                <Word id="tr_1_tl_6_w2" custom="readingOrder {index:1;}">
                    <Coords points="328,444 328,504 474,504 474,444"/>
                    <TextEquiv>
                        <Unicode>Jeute</Unicode>
                    </TextEquiv>
                </Word>
                <Word id="tr_1_tl_6_w3" custom="readingOrder {index:2;}">
                    <Coords points="506,446 506,506 641,506 641,446"/>
                    <TextEquiv>
                        <Unicode>gibt,</Unicode>
                    </TextEquiv>
                </Word>
                <Word id="tr_1_tl_6_w4" custom="readingOrder {index:3;}">
                    <Coords points="655,444 655,504 744,504 744,444"/>
                    <TextEquiv>
                        <Unicode>die</Unicode>
                    </TextEquiv>
                </Word>
                <Word id="tr_1_tl_6_w5" custom="readingOrder {index:4;}">
                    <Coords points="794,453 794,513 1025,513 1025,453"/>
                    <TextEquiv>
                        <Unicode>meine</Unicode>
                    </TextEquiv>
                </Word>
                <TextEquiv>
                    <Unicode>andere Leute gibt, die meine</Unicode>
                </TextEquiv>
            </TextLine>
            <TextLine id="tr_1_tl_7" custom="readingOrder {index:5;}">
                <Coords points="70,576 128,568 205,592 293,558 371,574 548,567 528,536 487,544 404,517 323,534 248,515 166,538 111,516 71,528"/>
                <Baseline points="76,570 95,568 123,566 152,564 180,566 209,564 237,562 266,558 294,558 323,558 351,558 380,558 408,558 437,560 465,560 494,560 522,560 551,560"/>
                <Word id="tr_1_tl_7_w1" custom="readingOrder {index:0;}">
                    <Coords points="66,525 66,585 283,585 283,525"/>
                    <TextEquiv>
                        <Unicode>Anſicht</Unicode>
                    </TextEquiv>
                </Word>
                <Word id="tr_1_tl_7_w2" custom="readingOrder {index:1;}">
                    <Coords points="330,520 330,580 545,580 545,520"/>
                    <TextEquiv>
                        <Unicode>theilen.</Unicode>
                    </TextEquiv>
                </Word>
                <TextEquiv>
                    <Unicode>Anſicht theilen.</Unicode>
                </TextEquiv>
            </TextLine>
            <TextLine id="tr_2_tl_1" custom="readingOrder {index:6;} closer {offset:0; length:18; continued:true;}">
                <Coords points="204,653 395,632 597,672 717,645 760,665 818,654 817,588 701,614 658,587 582,586 425,620 364,593 329,614 202,598"/>
                <Baseline points="210,640 239,636 267,634 296,634 324,634 353,634 382,636 410,636 439,640 467,642 496,642 524,642 553,642 581,644 610,642 638,642 667,644 695,644 724,644 752,644 781,646 809,648 871,648"/>
                <Word id="tr_2_tl_1_w1" custom="readingOrder {index:0;}">
                    <Coords points="198,594 198,654 367,654 367,594"/>
                    <TextEquiv>
                        <Unicode>Viele</Unicode>
                    </TextEquiv>
                </Word>
                <Word id="tr_2_tl_1_w2" custom="readingOrder {index:1;}">
                    <Coords points="405,602 405,662 567,662 567,602"/>
                    <TextEquiv>
                        <Unicode>neue</Unicode>
                    </TextEquiv>
                </Word>
                <Word id="tr_2_tl_1_w3" custom="readingOrder {index:2;}">
                    <Coords points="611,604 611,664 807,664 807,604"/>
                    <TextEquiv>
                        <Unicode>Grüße</Unicode>
                    </TextEquiv>
                </Word>
                <TextEquiv>
                    <Unicode>Viele treue Grüße!</Unicode>
                </TextEquiv>
            </TextLine>
            <TextLine id="tr_2_tl_2" custom="readingOrder {index:7;} closer {offset:0; length:19; continued:true;} signed {offset:5; length:14;}">
                <Coords points="210,702 272,712 326,688 482,732 844,729 856,660 667,686 481,654 445,672 383,653 350,677 207,650"/>
                <Baseline points="216,684 245,686 273,687 302,686 330,687 359,689 387,689 416,691 444,695 473,697 501,697 530,699 558,701 587,703 615,705 644,705 672,705 701,706 729,708 758,708 786,708 815,712 843,710 874,711"/>
                <Word id="tr_2_tl_2_w1" custom="readingOrder {index:0;}">
                    <Coords points="202,646 202,706 336,706 336,646"/>
                    <TextEquiv>
                        <Unicode>Dein</Unicode>
                    </TextEquiv>
                </Word>
                <Word id="tr_2_tl_2_w2" custom="readingOrder {index:1;}">
                    <Coords points="364,652 364,712 483,712 483,652"/>
                    <TextEquiv>
                        <Unicode>Paul</Unicode>
                    </TextEquiv>
                </Word>
                <Word id="tr_2_tl_2_w3" custom="readingOrder {index:2;}">
                    <Coords points="523,665 523,725 865,725 865,665"/>
                    <TextEquiv>
                        <Unicode>Goldmenn.</Unicode>
                    </TextEquiv>
                </Word>
                <TextEquiv>
                    <Unicode>Dein Paul Goldmann.</Unicode>
                </TextEquiv>
            </TextLine>
            <TextLine id="tr_2_tl_3" custom="readingOrder {index:8;} structure {type:paragraph;} textStyle {offset:0; length:51;bold:true;} comment {offset:0; length:51;comment:aus\u0020Transkribus\u0020rauslöschen;} person {offset:0; length:9;} place {offset:30; length:6;}">
                <Coords points="325,764 980,793 978,736 324,734"/>
                <Baseline points="332,756 361,760 389,760 418,762 446,762 475,764 503,765 532,767 560,767 589,769 617,771 646,773 674,773 703,773 731,775 760,775 788,777 817,777 845,781 874,781 902,783 931,784 959,784 982,784"/>
                <Word id="tr_2_tl_3_w1" custom="readingOrder {index:0;}">
                    <Coords points="318,721 318,781 491,781 491,721"/>
                    <TextEquiv>
                        <Unicode>Konnee</Unicode>
                    </TextEquiv>
                </Word>
                <Word id="tr_2_tl_3_w2" custom="readingOrder {index:1;}">
                    <Coords points="501,727 501,787 592,787 592,727"/>
                    <TextEquiv>
                        <Unicode>dea</Unicode>
                    </TextEquiv>
                </Word>
                <Word id="tr_2_tl_3_w3" custom="readingOrder {index:2;}">
                    <Coords points="645,733 645,793 683,793 683,733"/>
                    <TextEquiv>
                        <Unicode>an</Unicode>
                    </TextEquiv>
                </Word>
                <Word id="tr_2_tl_3_w4" custom="readingOrder {index:3;}">
                    <Coords points="694,733 694,793 708,793 708,733"/>
                    <TextEquiv>
                        <Unicode>a</Unicode>
                    </TextEquiv>
                </Word>
                <Word id="tr_2_tl_3_w5" custom="readingOrder {index:4;}">
                    <Coords points="738,736 738,796 810,796 810,736"/>
                    <TextEquiv>
                        <Unicode>aanda</Unicode>
                    </TextEquiv>
                </Word>
                <Word id="tr_2_tl_3_w6" custom="readingOrder {index:5;}">
                    <Coords points="846,741 846,801 924,801 924,741"/>
                    <TextEquiv>
                        <Unicode>Komaa</Unicode>
                    </TextEquiv>
                </Word>
                <TextEquiv>
                    <Unicode>Hauptmanns Niedergang und die Berliner Litteratur-¬</Unicode>
                </TextEquiv>
            </TextLine>
            <TextLine id="tr_2_tl_4" custom="readingOrder {index:9;} textStyle {offset:0; length:9;bold:true;} work {offset:18; length:18;}">
                <Coords points="245,782 975,812 944,788 244,746"/>
                <Baseline points="252,775 281,779 309,779 338,781 366,783 395,784 423,784 452,786 480,788 509,790 537,790 566,792 594,792 623,796 651,796 680,796 708,796 737,798 765,800 794,800 822,802 851,803 879,807 908,807 936,809 965,809 978,809"/>
                <Word id="tr_2_tl_4_w1" custom="readingOrder {index:0;}">
                    <Coords points="237,739 237,799 386,799 386,739"/>
                    <TextEquiv>
                        <Unicode>Ieen</Unicode>
                    </TextEquiv>
                </Word>
                <Word id="tr_2_tl_4_w2" custom="readingOrder {index:1;}">
                    <Coords points="403,744 403,804 421,804 421,744"/>
                    <TextEquiv>
                        <Unicode>i</Unicode>
                    </TextEquiv>
                </Word>
                <Word id="tr_2_tl_4_w3" custom="readingOrder {index:2;}">
                    <Coords points="448,746 448,806 481,806 481,746"/>
                    <TextEquiv>
                        <Unicode>du</Unicode>
                    </TextEquiv>
                </Word>
                <Word id="tr_2_tl_4_w4" custom="readingOrder {index:3;}">
                    <Coords points="506,751 506,811 612,811 612,751"/>
                    <TextEquiv>
                        <Unicode>Keneun</Unicode>
                    </TextEquiv>
                </Word>
                <Word id="tr_2_tl_4_w5" custom="readingOrder {index:4;}">
                    <Coords points="631,756 631,816 706,816 706,756"/>
                    <TextEquiv>
                        <Unicode>Mna</Unicode>
                    </TextEquiv>
                </Word>
                <Word id="tr_2_tl_4_w6" custom="readingOrder {index:5;}">
                    <Coords points="731,759 731,819 782,819 782,759"/>
                    <TextEquiv>
                        <Unicode>Hon</Unicode>
                    </TextEquiv>
                </Word>
                <Word id="tr_2_tl_4_w7" custom="readingOrder {index:6;}">
                    <Coords points="797,761 797,821 845,821 845,761"/>
                    <TextEquiv>
                        <Unicode>das</Unicode>
                    </TextEquiv>
                </Word>
                <Word id="tr_2_tl_4_w8" custom="readingOrder {index:7;}">
                    <Coords points="874,767 874,827 913,827 913,767"/>
                    <TextEquiv>
                        <Unicode>..</Unicode>
                    </TextEquiv>
                </Word>
                <Word id="tr_2_tl_4_w9" custom="readingOrder {index:8;}">
                    <Coords points="930,769 930,829 944,829 944,769"/>
                    <TextEquiv>
                        <Unicode>M</Unicode>
                    </TextEquiv>
                </Word>
                <TextEquiv>
                    <Unicode>Tyrannei. In der »Kölniſchen Zeitung« leſen wir: ». . . Der</Unicode>
                </TextEquiv>
            </TextLine>
            <TextLine id="tr_2_tl_5" custom="readingOrder {index:10;} work {offset:15; length:11;} work {offset:53; length:7;}">
                <Coords points="243,805 937,841 978,839 977,813 242,782"/>
                <Baseline points="250,800 279,802 307,803 336,803 364,805 393,807 421,809 450,809 478,811 507,813 535,813 564,815 592,815 621,817 649,819 678,819 706,821 735,822 764,822 792,824 821,826 849,826 878,828 906,830 935,830 963,832 980,834"/>
                <Word id="tr_2_tl_5_w1" custom="readingOrder {index:0;}">
                    <Coords points="235,762 235,822 358,822 358,762"/>
                    <TextEquiv>
                        <Unicode>Knnm</Unicode>
                    </TextEquiv>
                </Word>
                <Word id="tr_2_tl_5_w2" custom="readingOrder {index:1;}">
                    <Coords points="372,766 372,826 407,826 407,766"/>
                    <TextEquiv>
                        <Unicode>dus</Unicode>
                    </TextEquiv>
                </Word>
                <Word id="tr_2_tl_5_w3" custom="readingOrder {index:2;}">
                    <Coords points="434,769 434,829 488,829 488,769"/>
                    <TextEquiv>
                        <Unicode>un</Unicode>
                    </TextEquiv>
                </Word>
                <Word id="tr_2_tl_5_w4" custom="readingOrder {index:3;}">
                    <Coords points="500,773 500,833 591,833 591,773"/>
                    <TextEquiv>
                        <Unicode>Meus.</Unicode>
                    </TextEquiv>
                </Word>
                <Word id="tr_2_tl_5_w5" custom="readingOrder {index:4;}">
                    <Coords points="603,776 603,836 634,836 634,776"/>
                    <TextEquiv>
                        <Unicode>Aue</Unicode>
                    </TextEquiv>
                </Word>
                <Word id="tr_2_tl_5_w6" custom="readingOrder {index:5;}">
                    <Coords points="651,779 651,839 694,839 694,779"/>
                    <TextEquiv>
                        <Unicode>men</Unicode>
                    </TextEquiv>
                </Word>
                <Word id="tr_2_tl_5_w7" custom="readingOrder {index:6;}">
                    <Coords points="704,782 704,842 815,842 815,782"/>
                    <TextEquiv>
                        <Unicode>Sitadue</Unicode>
                    </TextEquiv>
                </Word>
                <Word id="tr_2_tl_5_w8" custom="readingOrder {index:7;}">
                    <Coords points="835,786 835,846 870,846 870,786"/>
                    <TextEquiv>
                        <Unicode>a.</Unicode>
                    </TextEquiv>
                </Word>
                <Word id="tr_2_tl_5_w9" custom="readingOrder {index:8;}">
                    <Coords points="888,790 888,850 961,850 961,790"/>
                    <TextEquiv>
                        <Unicode>Kaaa</Unicode>
                    </TextEquiv>
                </Word>
                <TextEquiv>
                    <Unicode>Mißerfolg des »roten Hahns«, der dem Mißerfolge des »Michael</Unicode>
                </TextEquiv>
            </TextLine>
            <TextLine id="tr_2_tl_6" custom="readingOrder {index:11;} work {offset:0; length:6;} person {offset:54; length:9;}">
                <Coords points="238,830 898,863 973,860 973,836 237,808"/>
                <Baseline points="243,822 271,824 300,826 328,826 357,828 385,830 414,832 442,834 471,834 499,834 528,838 556,838 585,838 613,840 642,841 670,843 699,843 727,845 756,847 784,849 813,849 841,851 870,851 898,853 927,853 955,855 976,857"/>
                <Word id="tr_2_tl_6_w1" custom="readingOrder {index:0;}">
                    <Coords points="228,784 228,844 329,844 329,784"/>
                    <TextEquiv>
                        <Unicode>(Arumer-</Unicode>
                    </TextEquiv>
                </Word>
                <Word id="tr_2_tl_6_w2" custom="readingOrder {index:1;}">
                    <Coords points="343,788 343,848 397,848 397,788"/>
                    <TextEquiv>
                        <Unicode>Golal,</Unicode>
                    </TextEquiv>
                </Word>
                <Word id="tr_2_tl_6_w3" custom="readingOrder {index:2;}">
                    <Coords points="407,793 407,853 449,853 449,793"/>
                    <TextEquiv>
                        <Unicode>tatt</Unicode>
                    </TextEquiv>
                </Word>
                <Word id="tr_2_tl_6_w4" custom="readingOrder {index:3;}">
                    <Coords points="462,794 462,854 517,854 517,794"/>
                    <TextEquiv>
                        <Unicode>touns</Unicode>
                    </TextEquiv>
                </Word>
                <Word id="tr_2_tl_6_w5" custom="readingOrder {index:4;}">
                    <Coords points="528,798 528,858 563,858 563,798"/>
                    <TextEquiv>
                        <Unicode>mon</Unicode>
                    </TextEquiv>
                </Word>
                <Word id="tr_2_tl_6_w6" custom="readingOrder {index:5;}">
                    <Coords points="584,798 584,858 609,858 609,798"/>
                    <TextEquiv>
                        <Unicode>die</Unicode>
                    </TextEquiv>
                </Word>
                <Word id="tr_2_tl_6_w7" custom="readingOrder {index:6;}">
                    <Coords points="626,803 626,863 719,863 719,803"/>
                    <TextEquiv>
                        <Unicode>Bottuunn</Unicode>
                    </TextEquiv>
                </Word>
                <Word id="tr_2_tl_6_w8" custom="readingOrder {index:7;}">
                    <Coords points="734,807 734,867 797,867 797,807"/>
                    <TextEquiv>
                        <Unicode>dbrin,</Unicode>
                    </TextEquiv>
                </Word>
                <Word id="tr_2_tl_6_w9" custom="readingOrder {index:8;}">
                    <Coords points="808,809 808,869 840,869 840,809"/>
                    <TextEquiv>
                        <Unicode>int</Unicode>
                    </TextEquiv>
                </Word>
                <Word id="tr_2_tl_6_w10" custom="readingOrder {index:9;}">
                    <Coords points="858,813 858,873 976,873 976,813"/>
                    <TextEquiv>
                        <Unicode>Frurtmann</Unicode>
                    </TextEquiv>
                </Word>
                <TextEquiv>
                    <Unicode>Kramer« folgt, läßt kaum noch die Hoffnung übrig, daß Hauptmann</Unicode>
                </TextEquiv>
            </TextLine>
            <TextLine id="tr_2_tl_7" custom="readingOrder {index:12;}">
                <Coords points="237,854 922,887 970,883 970,861 235,834"/>
                <Baseline points="243,847 271,849 300,849 328,851 357,853 385,853 414,855 442,855 471,857 499,859 528,860 556,860 585,862 613,864 642,866 670,868 699,868 727,868 756,870 784,870 813,872 841,874 870,876 898,876 927,876 955,878 974,879"/>
                <Word id="tr_2_tl_7_w1" custom="readingOrder {index:0;}">
                    <Coords points="226,807 226,867 282,867 282,807"/>
                    <TextEquiv>
                        <Unicode>Tüber</Unicode>
                    </TextEquiv>
                </Word>
                <Word id="tr_2_tl_7_w2" custom="readingOrder {index:1;}">
                    <Coords points="296,810 296,870 344,870 344,810"/>
                    <TextEquiv>
                        <Unicode>feine</Unicode>
                    </TextEquiv>
                </Word>
                <Word id="tr_2_tl_7_w3" custom="readingOrder {index:2;}">
                    <Coords points="357,813 357,873 438,873 438,813"/>
                    <TextEquiv>
                        <Unicode>feuheren</Unicode>
                    </TextEquiv>
                </Word>
                <Word id="tr_2_tl_7_w4" custom="readingOrder {index:3;}">
                    <Coords points="457,818 457,878 516,878 516,818"/>
                    <TextEquiv>
                        <Unicode>Puerte</Unicode>
                    </TextEquiv>
                </Word>
                <Word id="tr_2_tl_7_w5" custom="readingOrder {index:4;}">
                    <Coords points="530,820 530,880 550,880 550,820"/>
                    <TextEquiv>
                        <Unicode>zu</Unicode>
                    </TextEquiv>
                </Word>
                <Word id="tr_2_tl_7_w6" custom="readingOrder {index:5;}">
                    <Coords points="566,822 566,882 614,882 614,822"/>
                    <TextEquiv>
                        <Unicode>ciner</Unicode>
                    </TextEquiv>
                </Word>
                <Word id="tr_2_tl_7_w7" custom="readingOrder {index:6;}">
                    <Coords points="629,827 629,887 696,887 696,827"/>
                    <TextEquiv>
                        <Unicode>arcben</Unicode>
                    </TextEquiv>
                </Word>
                <Word id="tr_2_tl_7_w8" custom="readingOrder {index:7;}">
                    <Coords points="709,830 709,890 805,890 805,830"/>
                    <TextEquiv>
                        <Unicode>Framaut</Unicode>
                    </TextEquiv>
                </Word>
                <Word id="tr_2_tl_7_w9" custom="readingOrder {index:8;}">
                    <Coords points="817,836 817,896 980,896 980,836"/>
                    <TextEquiv>
                        <Unicode>anticigenfoirt.</Unicode>
                    </TextEquiv>
                </Word>
                <TextEquiv>
                    <Unicode>über ſeine früheren Werke zu einer großen Dramatik aufſteigen wird.</Unicode>
                </TextEquiv>
            </TextLine>
            <TextLine id="tr_2_tl_8" custom="readingOrder {index:13;}">
                <Coords points="239,879 966,912 972,883 238,855"/>
                <Baseline points="245,872 273,872 302,872 330,874 359,876 387,878 416,878 444,879 473,881 501,883 530,883 558,885 587,885 615,889 644,889 672,889 701,891 729,891 758,893 786,895 815,897 843,897 872,898 900,900 929,900 957,902 976,902"/>
                <Word id="tr_2_tl_8_w1" custom="readingOrder {index:0;}">
                    <Coords points="231,832 231,892 262,892 262,832"/>
                    <TextEquiv>
                        <Unicode>lo</Unicode>
                    </TextEquiv>
                </Word>
                <Word id="tr_2_tl_8_w2" custom="readingOrder {index:1;}">
                    <Coords points="277,832 277,892 284,892 284,832"/>
                    <TextEquiv>
                        <Unicode>M</Unicode>
                    </TextEquiv>
                </Word>
                <Word id="tr_2_tl_8_w3" custom="readingOrder {index:2;}">
                    <Coords points="310,835 310,895 398,895 398,835"/>
                    <TextEquiv>
                        <Unicode>vielunete</Unicode>
                    </TextEquiv>
                </Word>
                <Word id="tr_2_tl_8_w4" custom="readingOrder {index:3;}">
                    <Coords points="413,839 413,899 491,899 491,839"/>
                    <TextEquiv>
                        <Unicode>zienitieg</Unicode>
                    </TextEquiv>
                </Word>
                <Word id="tr_2_tl_8_w5" custom="readingOrder {index:4;}">
                    <Coords points="504,843 504,903 564,903 564,843"/>
                    <TextEquiv>
                        <Unicode>piezet,</Unicode>
                    </TextEquiv>
                </Word>
                <Word id="tr_2_tl_8_w6" custom="readingOrder {index:5;}">
                    <Coords points="582,846 582,906 615,906 615,846"/>
                    <TextEquiv>
                        <Unicode>Zal</Unicode>
                    </TextEquiv>
                </Word>
                <Word id="tr_2_tl_8_w7" custom="readingOrder {index:6;}">
                    <Coords points="640,849 640,909 658,909 658,849"/>
                    <TextEquiv>
                        <Unicode>er</Unicode>
                    </TextEquiv>
                </Word>
                <Word id="tr_2_tl_8_w8" custom="readingOrder {index:7;}">
                    <Coords points="679,851 679,911 784,911 784,851"/>
                    <TextEquiv>
                        <Unicode>befientans</Unicode>
                    </TextEquiv>
                </Word>
                <Word id="tr_2_tl_8_w9" custom="readingOrder {index:8;}">
                    <Coords points="804,857 804,917 837,917 837,857"/>
                    <TextEquiv>
                        <Unicode>fieg</Unicode>
                    </TextEquiv>
                </Word>
                <Word id="tr_2_tl_8_w10" custom="readingOrder {index:9;}">
                    <Coords points="850,857 850,917 883,917 883,857"/>
                    <TextEquiv>
                        <Unicode>nor</Unicode>
                    </TextEquiv>
                </Word>
                <Word id="tr_2_tl_8_w11" custom="readingOrder {index:10;}">
                    <Coords points="906,860 906,920 976,920 976,860"/>
                    <TextEquiv>
                        <Unicode>einmal</Unicode>
                    </TextEquiv>
                </Word>
                <TextEquiv>
                    <Unicode>Es iſt vielmehr ziemlich ſicher, daß er beſtenfalls ſich noch einmal</Unicode>
                </TextEquiv>
            </TextLine>
            <TextLine id="tr_2_tl_9" custom="readingOrder {index:14;} person {offset:37; length:9;}">
                <Coords points="238,899 964,930 963,907 787,894 238,882"/>
                <Baseline points="245,895 273,897 302,897 330,898 359,900 387,900 416,902 444,904 473,906 501,906 530,908 558,908 587,908 615,910 644,912 672,914 701,914 729,916 758,917 786,917 815,919 843,921 872,921 900,923 929,925 957,925 967,925"/>
                <Word id="tr_2_tl_9_w1" custom="readingOrder {index:0;}">
                    <Coords points="229,855 229,915 267,915 267,855"/>
                    <TextEquiv>
                        <Unicode>Paul</Unicode>
                    </TextEquiv>
                </Word>
                <Word id="tr_2_tl_9_w2" custom="readingOrder {index:1;}">
                    <Coords points="282,857 282,917 344,917 344,857"/>
                    <TextEquiv>
                        <Unicode>Galber</Unicode>
                    </TextEquiv>
                </Word>
                <Word id="tr_2_tl_9_w3" custom="readingOrder {index:2;}">
                    <Coords points="355,860 355,920 403,920 403,860"/>
                    <TextEquiv>
                        <Unicode>Güte</Unicode>
                    </TextEquiv>
                </Word>
                <Word id="tr_2_tl_9_w4" custom="readingOrder {index:3;}">
                    <Coords points="417,865 417,925 521,925 521,865"/>
                    <TextEquiv>
                        <Unicode>anfrifitel,</Unicode>
                    </TextEquiv>
                </Word>
                <Word id="tr_2_tl_9_w5" custom="readingOrder {index:4;}">
                    <Coords points="532,868 532,928 573,928 573,868"/>
                    <TextEquiv>
                        <Unicode>aber</Unicode>
                    </TextEquiv>
                </Word>
                <Word id="tr_2_tl_9_w6" custom="readingOrder {index:5;}">
                    <Coords points="585,868 585,928 604,928 604,868"/>
                    <TextEquiv>
                        <Unicode>ou</Unicode>
                    </TextEquiv>
                </Word>
                <Word id="tr_2_tl_9_w7" custom="readingOrder {index:6;}">
                    <Coords points="623,874 623,934 739,934 739,874"/>
                    <TextEquiv>
                        <Unicode>Ganktimmn</Unicode>
                    </TextEquiv>
                </Word>
                <Word id="tr_2_tl_9_w8" custom="readingOrder {index:7;}">
                    <Coords points="763,878 763,938 846,938 846,878"/>
                    <TextEquiv>
                        <Unicode>ibertun</Unicode>
                    </TextEquiv>
                </Word>
                <Word id="tr_2_tl_9_w9" custom="readingOrder {index:8;}">
                    <Coords points="862,881 862,941 902,941 902,881"/>
                    <TextEquiv>
                        <Unicode>eine</Unicode>
                    </TextEquiv>
                </Word>
                <Word id="tr_2_tl_9_w10" custom="readingOrder {index:9;}">
                    <Coords points="916,885 916,945 972,945 972,885"/>
                    <TextEquiv>
                        <Unicode>panse</Unicode>
                    </TextEquiv>
                </Word>
                <TextEquiv>
                    <Unicode>auf halber Höhe aufrichtet, aber der Hauptmann, über den eine ganze</Unicode>
                </TextEquiv>
            </TextLine>
            <TextLine id="tr_2_tl_10" custom="readingOrder {index:15;} person {offset:31; length:9;}">
                <Coords points="237,922 922,960 966,958 968,930 235,899"/>
                <Baseline points="243,917 271,919 300,921 328,921 357,923 385,925 414,927 442,927 471,929 499,929 528,931 556,933 585,935 613,935 642,936 670,938 699,938 727,938 756,940 784,942 813,942 841,944 870,946 898,946 927,948 955,950 971,952"/>
                <Word id="tr_2_tl_10_w1" custom="readingOrder {index:0;}">
                    <Coords points="228,879 228,939 333,939 333,879"/>
                    <TextEquiv>
                        <Unicode>Diteraur</Unicode>
                    </TextEquiv>
                </Word>
                <Word id="tr_2_tl_10_w2" custom="readingOrder {index:1;}">
                    <Coords points="347,885 347,945 448,945 448,885"/>
                    <TextEquiv>
                        <Unicode>entfanteu</Unicode>
                    </TextEquiv>
                </Word>
                <Word id="tr_2_tl_10_w3" custom="readingOrder {index:2;}">
                    <Coords points="465,889 465,949 494,949 494,889"/>
                    <TextEquiv>
                        <Unicode>zr</Unicode>
                    </TextEquiv>
                </Word>
                <Word id="tr_2_tl_10_w4" custom="readingOrder {index:3;}">
                    <Coords points="505,890 505,950 535,950 535,890"/>
                    <TextEquiv>
                        <Unicode>Zer</Unicode>
                    </TextEquiv>
                </Word>
                <Word id="tr_2_tl_10_w5" custom="readingOrder {index:4;}">
                    <Coords points="550,895 550,955 680,955 680,895"/>
                    <TextEquiv>
                        <Unicode>Gaugtmamn,</Unicode>
                    </TextEquiv>
                </Word>
                <Word id="tr_2_tl_10_w6" custom="readingOrder {index:5;}">
                    <Coords points="696,898 696,958 714,958 714,898"/>
                    <TextEquiv>
                        <Unicode>in</Unicode>
                    </TextEquiv>
                </Word>
                <Word id="tr_2_tl_10_w7" custom="readingOrder {index:6;}">
                    <Coords points="735,900 735,960 777,960 777,900"/>
                    <TextEquiv>
                        <Unicode>benn</Unicode>
                    </TextEquiv>
                </Word>
                <Word id="tr_2_tl_10_w8" custom="readingOrder {index:7;}">
                    <Coords points="795,902 795,962 837,962 837,902"/>
                    <TextEquiv>
                        <Unicode>man</Unicode>
                    </TextEquiv>
                </Word>
                <Word id="tr_2_tl_10_w9" custom="readingOrder {index:8;}">
                    <Coords points="854,905 854,965 879,965 879,905"/>
                    <TextEquiv>
                        <Unicode>bis</Unicode>
                    </TextEquiv>
                </Word>
                <Word id="tr_2_tl_10_w10" custom="readingOrder {index:9;}">
                    <Coords points="896,908 896,968 974,968 974,908"/>
                    <TextEquiv>
                        <Unicode>Jutungt</Unicode>
                    </TextEquiv>
                </Word>
                <TextEquiv>
                    <Unicode>Litteratur entſtanden iſt, der Hauptmann, in dem man die Zukunft</Unicode>
                </TextEquiv>
            </TextLine>
            <TextLine id="tr_2_tl_11" custom="readingOrder {index:16;} place {offset:4; length:7;} person {offset:42; length:9;}">
                <Coords points="234,947 961,982 968,958 233,925"/>
                <Baseline points="241,940 269,944 298,944 326,946 355,946 383,948 412,950 440,950 469,952 497,952 526,954 554,955 583,957 611,957 640,959 668,959 697,961 726,961 754,965 783,965 811,967 840,967 868,969 897,971 925,973 954,974 971,976"/>
                <Word id="tr_2_tl_11_w1" custom="readingOrder {index:0;}">
                    <Coords points="224,900 224,960 262,960 262,900"/>
                    <TextEquiv>
                        <Unicode>Pres</Unicode>
                    </TextEquiv>
                </Word>
                <Word id="tr_2_tl_11_w2" custom="readingOrder {index:1;}">
                    <Coords points="281,906 281,966 375,966 375,906"/>
                    <TextEquiv>
                        <Unicode>Dentfien</Unicode>
                    </TextEquiv>
                </Word>
                <Word id="tr_2_tl_11_w3" custom="readingOrder {index:2;}">
                    <Coords points="392,910 392,970 475,970 475,910"/>
                    <TextEquiv>
                        <Unicode>Framas</Unicode>
                    </TextEquiv>
                </Word>
                <Word id="tr_2_tl_11_w4" custom="readingOrder {index:3;}">
                    <Coords points="492,913 492,973 547,973 547,913"/>
                    <TextEquiv>
                        <Unicode>abuen</Unicode>
                    </TextEquiv>
                </Word>
                <Word id="tr_2_tl_11_w5" custom="readingOrder {index:4;}">
                    <Coords points="565,917 565,977 634,977 634,917"/>
                    <TextEquiv>
                        <Unicode>modue,</Unicode>
                    </TextEquiv>
                </Word>
                <Word id="tr_2_tl_11_w6" custom="readingOrder {index:5;}">
                    <Coords points="646,919 646,979 700,979 700,919"/>
                    <TextEquiv>
                        <Unicode>bierer</Unicode>
                    </TextEquiv>
                </Word>
                <Word id="tr_2_tl_11_w7" custom="readingOrder {index:6;}">
                    <Coords points="717,925 717,985 833,985 833,925"/>
                    <TextEquiv>
                        <Unicode>Fourimann</Unicode>
                    </TextEquiv>
                </Word>
                <Word id="tr_2_tl_11_w8" custom="readingOrder {index:7;}">
                    <Coords points="850,928 850,988 871,988 871,928"/>
                    <TextEquiv>
                        <Unicode>zt</Unicode>
                    </TextEquiv>
                </Word>
                <Word id="tr_2_tl_11_w9" custom="readingOrder {index:8;}">
                    <Coords points="885,933 885,993 974,993 974,933"/>
                    <TextEquiv>
                        <Unicode>geiecter,</Unicode>
                    </TextEquiv>
                </Word>
                <TextEquiv>
                    <Unicode>des Deutſchen Dramas ahnen wollte, dieſer Hauptmann iſt geweſen,</Unicode>
                </TextEquiv>
            </TextLine>
            <TextLine id="tr_2_tl_12" custom="readingOrder {index:17;} place {offset:8; length:7;}">
                <Coords points="229,968 882,1006 966,1003 966,979 228,954"/>
                <Baseline points="235,965 264,967 292,967 321,969 349,971 378,973 406,973 435,974 463,974 492,976 520,978 549,980 577,980 606,982 634,982 663,984 691,984 720,988 748,988 777,990 805,990 834,992 862,993 891,993 919,995 948,997 969,997"/>
                <Word id="tr_2_tl_12_w1" custom="readingOrder {index:0;}">
                    <Coords points="219,925 219,985 265,985 265,925"/>
                    <TextEquiv>
                        <Unicode>Puns</Unicode>
                    </TextEquiv>
                </Word>
                <Word id="tr_2_tl_12_w2" custom="readingOrder {index:1;}">
                    <Coords points="283,927 283,987 310,987 310,927"/>
                    <TextEquiv>
                        <Unicode>die</Unicode>
                    </TextEquiv>
                </Word>
                <Word id="tr_2_tl_12_w3" custom="readingOrder {index:2;}">
                    <Coords points="324,931 324,991 401,991 401,931"/>
                    <TextEquiv>
                        <Unicode>sounlee</Unicode>
                    </TextEquiv>
                </Word>
                <Word id="tr_2_tl_12_w4" custom="readingOrder {index:3;}">
                    <Coords points="415,934 415,994 514,994 514,934"/>
                    <TextEquiv>
                        <Unicode>linterauur</Unicode>
                    </TextEquiv>
                </Word>
                <Word id="tr_2_tl_12_w5" custom="readingOrder {index:4;}">
                    <Coords points="537,940 537,1000 578,1000 578,940"/>
                    <TextEquiv>
                        <Unicode>gett</Unicode>
                    </TextEquiv>
                </Word>
                <Word id="tr_2_tl_12_w6" custom="readingOrder {index:5;}">
                    <Coords points="600,942 600,1002 644,1002 644,942"/>
                    <TextEquiv>
                        <Unicode>üter</Unicode>
                    </TextEquiv>
                </Word>
                <Word id="tr_2_tl_12_w7" custom="readingOrder {index:6;}">
                    <Coords points="666,944 666,1004 695,1004 695,944"/>
                    <TextEquiv>
                        <Unicode>ion</Unicode>
                    </TextEquiv>
                </Word>
                <Word id="tr_2_tl_12_w8" custom="readingOrder {index:7;}">
                    <Coords points="712,948 712,1008 793,1008 793,948"/>
                    <TextEquiv>
                        <Unicode>Funmeu,</Unicode>
                    </TextEquiv>
                </Word>
                <Word id="tr_2_tl_12_w9" custom="readingOrder {index:8;}">
                    <Coords points="811,951 811,1011 856,1011 856,951"/>
                    <TextEquiv>
                        <Unicode>nuit</Unicode>
                    </TextEquiv>
                </Word>
                <Word id="tr_2_tl_12_w10" custom="readingOrder {index:9;}">
                    <Coords points="875,953 875,1013 899,1013 899,953"/>
                    <TextEquiv>
                        <Unicode>fe</Unicode>
                    </TextEquiv>
                </Word>
                <Word id="tr_2_tl_12_w11" custom="readingOrder {index:10;}">
                    <Coords points="923,956 923,1016 969,1016 969,956"/>
                    <TextEquiv>
                        <Unicode>Tgou</Unicode>
                    </TextEquiv>
                </Word>
                <TextEquiv>
                    <Unicode>und die deutſche Litteratur geht über ihn hinweg, weil ſie ſchon</Unicode>
                </TextEquiv>
            </TextLine>
            <TextLine id="tr_2_tl_13" custom="readingOrder {index:18;}">
                <Coords points="228,996 960,1025 959,1003 859,994 228,978"/>
                <Baseline points="235,988 264,990 292,992 321,992 349,993 378,995 406,997 435,999 463,1001 492,1001 520,1001 549,1003 577,1003 606,1005 634,1007 663,1007 691,1009 720,1011 748,1011 777,1012 805,1014 834,1014 862,1016 891,1018 919,1018 948,1020 963,1022"/>
                <Word id="tr_2_tl_13_w1" custom="readingOrder {index:0;}">
                    <Coords points="219,948 219,1008 272,1008 272,948"/>
                    <TextEquiv>
                        <Unicode>Tüber</Unicode>
                    </TextEquiv>
                </Word>
                <Word id="tr_2_tl_13_w2" custom="readingOrder {index:1;}">
                    <Coords points="286,952 286,1012 367,1012 367,952"/>
                    <TextEquiv>
                        <Unicode>mangeu</Unicode>
                    </TextEquiv>
                </Word>
                <Word id="tr_2_tl_13_w3" custom="readingOrder {index:2;}">
                    <Coords points="385,959 385,1019 497,1019 497,959"/>
                    <TextEquiv>
                        <Unicode>turglebigen</Unicode>
                    </TextEquiv>
                </Word>
                <Word id="tr_2_tl_13_w4" custom="readingOrder {index:3;}">
                    <Coords points="513,962 513,1022 580,1022 580,962"/>
                    <TextEquiv>
                        <Unicode>btenn,</Unicode>
                    </TextEquiv>
                </Word>
                <Word id="tr_2_tl_13_w5" custom="readingOrder {index:4;}">
                    <Coords points="591,964 591,1024 620,1024 620,964"/>
                    <TextEquiv>
                        <Unicode>ber</Unicode>
                    </TextEquiv>
                </Word>
                <Word id="tr_2_tl_13_w6" custom="readingOrder {index:5;}">
                    <Coords points="634,967 634,1027 655,1027 655,967"/>
                    <TextEquiv>
                        <Unicode>an</Unicode>
                    </TextEquiv>
                </Word>
                <Word id="tr_2_tl_13_w7" custom="readingOrder {index:6;}">
                    <Coords points="672,969 672,1029 715,1029 715,969"/>
                    <TextEquiv>
                        <Unicode>tein</Unicode>
                    </TextEquiv>
                </Word>
                <Word id="tr_2_tl_13_w8" custom="readingOrder {index:7;}">
                    <Coords points="724,973 724,1033 880,1033 880,973"/>
                    <TextEquiv>
                        <Unicode>gbeateisimrnel</Unicode>
                    </TextEquiv>
                </Word>
                <Word id="tr_2_tl_13_w9" custom="readingOrder {index:8;}">
                    <Coords points="893,978 893,1038 966,1038 966,978"/>
                    <TextEquiv>
                        <Unicode>Mannte</Unicode>
                    </TextEquiv>
                </Word>
                <TextEquiv>
                    <Unicode>über manchen kurzlebigen Stern, der an dem Theaterhimmel glänzte,</Unicode>
                </TextEquiv>
            </TextLine>
            <TextLine id="tr_2_tl_14" custom="readingOrder {index:19;} person {offset:25; length:9;}">
                <Coords points="228,1017 913,1056 963,1052 961,1026 226,996"/>
                <Baseline points="235,1012 264,1014 292,1016 321,1016 349,1018 378,1018 406,1020 435,1022 463,1022 492,1024 520,1024 549,1028 577,1028 606,1028 634,1030 663,1030 691,1031 720,1033 748,1035 777,1035 805,1037 834,1039 862,1039 891,1041 919,1041 948,1043 965,1045"/>
                <Word id="tr_2_tl_14_w1" custom="readingOrder {index:0;}">
                    <Coords points="217,976 217,1036 394,1036 394,976"/>
                    <TextEquiv>
                        <Unicode>(binmenaenangen</Unicode>
                    </TextEquiv>
                </Word>
                <Word id="tr_2_tl_14_w2" custom="readingOrder {index:1;}">
                    <Coords points="429,981 429,1041 439,1041 439,981"/>
                    <TextEquiv>
                        <Unicode>A</Unicode>
                    </TextEquiv>
                </Word>
                <Word id="tr_2_tl_14_w3" custom="readingOrder {index:2;}">
                    <Coords points="493,984 493,1044 531,1044 531,984"/>
                    <TextEquiv>
                        <Unicode>der</Unicode>
                    </TextEquiv>
                </Word>
                <Word id="tr_2_tl_14_w4" custom="readingOrder {index:3;}">
                    <Coords points="566,989 566,1049 698,1049 698,989"/>
                    <TextEquiv>
                        <Unicode>Bourtmanne</Unicode>
                    </TextEquiv>
                </Word>
                <Word id="tr_2_tl_14_w5" custom="readingOrder {index:4;}">
                    <Coords points="730,995 730,1055 846,1055 846,995"/>
                    <TextEquiv>
                        <Unicode>Rietcigang</Unicode>
                    </TextEquiv>
                </Word>
                <Word id="tr_2_tl_14_w6" custom="readingOrder {index:5;}">
                    <Coords points="878,1001 878,1061 973,1061 973,1001"/>
                    <TextEquiv>
                        <Unicode>bcteutet.</Unicode>
                    </TextEquiv>
                </Word>
                <TextEquiv>
                    <Unicode>hinweggegangen iſt. Aber Hauptmanns Niedergang bedeutet,</Unicode>
                </TextEquiv>
            </TextLine>
            <TextLine id="tr_2_tl_15" custom="readingOrder {index:20;} person {offset:40; length:9;}">
                <Coords points="226,1041 932,1077 964,1052 225,1020"/>
                <Baseline points="233,1037 262,1037 290,1037 319,1039 347,1041 376,1043 404,1043 433,1045 461,1045 490,1047 518,1049 547,1050 575,1052 604,1052 632,1052 661,1054 689,1056 718,1058 746,1058 775,1060 803,1060 832,1062 860,1062 889,1064 917,1066 946,1068 967,1066"/>
                <Word id="tr_2_tl_15_w1" custom="readingOrder {index:0;}">
                    <Coords points="216,997 216,1057 261,1057 261,997"/>
                    <TextEquiv>
                        <Unicode>Puis</Unicode>
                    </TextEquiv>
                </Word>
                <Word id="tr_2_tl_15_w2" custom="readingOrder {index:1;}">
                    <Coords points="281,997 281,1057 309,1057 309,997"/>
                    <TextEquiv>
                        <Unicode>de</Unicode>
                    </TextEquiv>
                </Word>
                <Word id="tr_2_tl_15_w3" custom="readingOrder {index:2;}">
                    <Coords points="323,1001 323,1061 385,1061 385,1001"/>
                    <TextEquiv>
                        <Unicode>Finge</Unicode>
                    </TextEquiv>
                </Word>
                <Word id="tr_2_tl_15_w4" custom="readingOrder {index:3;}">
                    <Coords points="404,1005 404,1065 474,1065 474,1005"/>
                    <TextEquiv>
                        <Unicode>einmat</Unicode>
                    </TextEquiv>
                </Word>
                <Word id="tr_2_tl_15_w5" custom="readingOrder {index:4;}">
                    <Coords points="493,1009 493,1069 564,1069 564,1009"/>
                    <TextEquiv>
                        <Unicode>tiegen,</Unicode>
                    </TextEquiv>
                </Word>
                <Word id="tr_2_tl_15_w6" custom="readingOrder {index:5;}">
                    <Coords points="578,1012 578,1072 613,1072 613,1012"/>
                    <TextEquiv>
                        <Unicode>neg</Unicode>
                    </TextEquiv>
                </Word>
                <Word id="tr_2_tl_15_w7" custom="readingOrder {index:6;}">
                    <Coords points="640,1014 640,1074 702,1074 702,1014"/>
                    <TextEquiv>
                        <Unicode>mett.</Unicode>
                    </TextEquiv>
                </Word>
                <Word id="tr_2_tl_15_w8" custom="readingOrder {index:7;}">
                    <Coords points="723,1020 723,1080 846,1080 846,1020"/>
                    <TextEquiv>
                        <Unicode>Fourtmann</Unicode>
                    </TextEquiv>
                </Word>
                <Word id="tr_2_tl_15_w9" custom="readingOrder {index:8;}">
                    <Coords points="865,1023 865,1083 905,1083 905,1023"/>
                    <TextEquiv>
                        <Unicode>mer</Unicode>
                    </TextEquiv>
                </Word>
                <Word id="tr_2_tl_15_w10" custom="readingOrder {index:9;}">
                    <Coords points="922,1027 922,1087 969,1087 969,1027"/>
                    <TextEquiv>
                        <Unicode>cone</Unicode>
                    </TextEquiv>
                </Word>
                <TextEquiv>
                    <Unicode>wie die Dinge einmal liegen, noch mehr. Hauptmann war ohne</Unicode>
                </TextEquiv>
            </TextLine>
            <TextLine id="tr_2_tl_16" custom="readingOrder {index:21;}">
                <Coords points="224,1066 951,1099 964,1075 223,1044"/>
                <Baseline points="231,1060 260,1060 288,1062 317,1062 345,1064 374,1066 402,1068 431,1069 459,1071 488,1071 516,1071 545,1073 573,1075 602,1075 630,1077 659,1079 687,1081 716,1081 745,1081 773,1085 802,1085 830,1085 859,1087 887,1089 916,1089 944,1090 967,1092"/>
                <Word id="tr_2_tl_16_w1" custom="readingOrder {index:0;}">
                    <Coords points="214,1020 214,1080 285,1080 285,1020"/>
                    <TextEquiv>
                        <Unicode>Pteinen</Unicode>
                    </TextEquiv>
                </Word>
                <Word id="tr_2_tl_16_w2" custom="readingOrder {index:1;}">
                    <Coords points="302,1023 302,1083 365,1083 365,1023"/>
                    <TextEquiv>
                        <Unicode>weiten</Unicode>
                    </TextEquiv>
                </Word>
                <Word id="tr_2_tl_16_w3" custom="readingOrder {index:2;}">
                    <Coords points="381,1027 381,1087 411,1087 411,1027"/>
                    <TextEquiv>
                        <Unicode>ber</Unicode>
                    </TextEquiv>
                </Word>
                <Word id="tr_2_tl_16_w4" custom="readingOrder {index:3;}">
                    <Coords points="426,1030 426,1090 481,1090 481,1030"/>
                    <TextEquiv>
                        <Unicode>arofe</Unicode>
                    </TextEquiv>
                </Word>
                <Word id="tr_2_tl_16_w5" custom="readingOrder {index:4;}">
                    <Coords points="491,1032 491,1092 579,1092 579,1032"/>
                    <TextEquiv>
                        <Unicode>Heneres,</Unicode>
                    </TextEquiv>
                </Word>
                <Word id="tr_2_tl_16_w6" custom="readingOrder {index:5;}">
                    <Coords points="588,1035 588,1095 620,1095 620,1035"/>
                    <TextEquiv>
                        <Unicode>um</Unicode>
                    </TextEquiv>
                </Word>
                <Word id="tr_2_tl_16_w7" custom="readingOrder {index:6;}">
                    <Coords points="633,1038 633,1098 666,1098 666,1038"/>
                    <TextEquiv>
                        <Unicode>ben</Unicode>
                    </TextEquiv>
                </Word>
                <Word id="tr_2_tl_16_w8" custom="readingOrder {index:7;}">
                    <Coords points="681,1041 681,1101 704,1101 704,1041"/>
                    <TextEquiv>
                        <Unicode>fie</Unicode>
                    </TextEquiv>
                </Word>
                <Word id="tr_2_tl_16_w9" custom="readingOrder {index:8;}">
                    <Coords points="726,1041 726,1101 754,1101 754,1041"/>
                    <TextEquiv>
                        <Unicode>ein</Unicode>
                    </TextEquiv>
                </Word>
                <Word id="tr_2_tl_16_w10" custom="readingOrder {index:9;}">
                    <Coords points="766,1045 766,1105 832,1105 832,1045"/>
                    <TextEquiv>
                        <Unicode>ganzes</Unicode>
                    </TextEquiv>
                </Word>
                <Word id="tr_2_tl_16_w11" custom="readingOrder {index:10;}">
                    <Coords points="848,1049 848,1109 951,1109 951,1049"/>
                    <TextEquiv>
                        <Unicode>Freuramm</Unicode>
                    </TextEquiv>
                </Word>
                <TextEquiv>
                    <Unicode>ſeinen Willen der große Neuerer, um den ſich ein ganzes Programm,</Unicode>
                </TextEquiv>
            </TextLine>
            <TextLine id="tr_2_tl_17" custom="readingOrder {index:22;}">
                <Coords points="229,1087 966,1118 837,1083 228,1068"/>
                <Baseline points="235,1083 264,1085 292,1087 321,1087 349,1089 378,1090 406,1090 435,1092 463,1094 492,1096 520,1096 549,1098 577,1098 606,1100 634,1100 663,1102 691,1104 720,1104 748,1106 777,1108 805,1108 834,1109 862,1109 891,1111 919,1111 948,1113 969,1113"/>
                <Word id="tr_2_tl_17_w1" custom="readingOrder {index:0;}">
                    <Coords points="221,1043 221,1103 264,1103 264,1043"/>
                    <TextEquiv>
                        <Unicode>ane</Unicode>
                    </TextEquiv>
                </Word>
                <Word id="tr_2_tl_17_w2" custom="readingOrder {index:1;}">
                    <Coords points="279,1047 279,1107 335,1107 335,1047"/>
                    <TextEquiv>
                        <Unicode>gane</Unicode>
                    </TextEquiv>
                </Word>
                <Word id="tr_2_tl_17_w3" custom="readingOrder {index:2;}">
                    <Coords points="351,1050 351,1110 456,1110 456,1050"/>
                    <TextEquiv>
                        <Unicode>Doieounn</Unicode>
                    </TextEquiv>
                </Word>
                <Word id="tr_2_tl_17_w4" custom="readingOrder {index:3;}">
                    <Coords points="472,1056 472,1116 550,1116 550,1056"/>
                    <TextEquiv>
                        <Unicode>sebiteet</Unicode>
                    </TextEquiv>
                </Word>
                <Word id="tr_2_tl_17_w5" custom="readingOrder {index:4;}">
                    <Coords points="565,1058 565,1118 611,1118 611,1058"/>
                    <TextEquiv>
                        <Unicode>Got;</Unicode>
                    </TextEquiv>
                </Word>
                <Word id="tr_2_tl_17_w6" custom="readingOrder {index:5;}">
                    <Coords points="628,1060 628,1120 647,1120 647,1060"/>
                    <TextEquiv>
                        <Unicode>er</Unicode>
                    </TextEquiv>
                </Word>
                <Word id="tr_2_tl_17_w7" custom="readingOrder {index:6;}">
                    <Coords points="670,1063 670,1123 708,1123 708,1063"/>
                    <TextEquiv>
                        <Unicode>mar</Unicode>
                    </TextEquiv>
                </Word>
                <Word id="tr_2_tl_17_w8" custom="readingOrder {index:7;}">
                    <Coords points="730,1065 730,1125 760,1125 760,1065"/>
                    <TextEquiv>
                        <Unicode>eur</Unicode>
                    </TextEquiv>
                </Word>
                <Word id="tr_2_tl_17_w9" custom="readingOrder {index:8;}">
                    <Coords points="775,1068 775,1128 867,1128 867,1068"/>
                    <TextEquiv>
                        <Unicode>Gruntite</Unicode>
                    </TextEquiv>
                </Word>
                <Word id="tr_2_tl_17_w10" custom="readingOrder {index:9;}">
                    <Coords points="881,1071 881,1131 966,1131 966,1071"/>
                    <TextEquiv>
                        <Unicode>sitiairs</Unicode>
                    </TextEquiv>
                </Word>
                <TextEquiv>
                    <Unicode>eine ganze Bewegung gebildet hat; er war der heimliche Diktator</Unicode>
                </TextEquiv>
            </TextLine>
            <TextLine id="tr_2_tl_18" custom="readingOrder {index:23;} place {offset:4; length:7;} supplied {offset:57; length:1;} comment {offset:57; length:1;comment:im\u0020Original\u0020kleines\u0020u,\u0020Druckfehler;}">
                <Coords points="223,1117 958,1145 949,1117 221,1085"/>
                <Baseline points="228,1108 256,1108 285,1109 313,1111 342,1113 370,1115 399,1115 427,1115 456,1117 484,1119 513,1121 541,1121 570,1125 598,1125 627,1125 655,1127 684,1127 712,1128 741,1130 769,1130 798,1132 826,1134 855,1136 883,1136 912,1138 940,1138 961,1138"/>
                <Word id="tr_2_tl_18_w1" custom="readingOrder {index:0;}">
                    <Coords points="214,1068 214,1128 263,1128 263,1068"/>
                    <TextEquiv>
                        <Unicode>se</Unicode>
                    </TextEquiv>
                </Word>
                <Word id="tr_2_tl_18_w2" custom="readingOrder {index:1;}">
                    <Coords points="281,1071 281,1131 370,1131 370,1071"/>
                    <TextEquiv>
                        <Unicode>Fankfrn</Unicode>
                    </TextEquiv>
                </Word>
                <Word id="tr_2_tl_18_w3" custom="readingOrder {index:2;}">
                    <Coords points="382,1078 382,1138 564,1138 564,1078"/>
                    <TextEquiv>
                        <Unicode>Kernkzaar.,</Unicode>
                    </TextEquiv>
                </Word>
                <Word id="tr_2_tl_18_w4" custom="readingOrder {index:3;}">
                    <Coords points="575,1085 575,1145 622,1145 622,1085"/>
                    <TextEquiv>
                        <Unicode>Tes</Unicode>
                    </TextEquiv>
                </Word>
                <Word id="tr_2_tl_18_w5" custom="readingOrder {index:4;}">
                    <Coords points="636,1087 636,1147 681,1147 681,1087"/>
                    <TextEquiv>
                        <Unicode>Auz</Unicode>
                    </TextEquiv>
                </Word>
                <Word id="tr_2_tl_18_w6" custom="readingOrder {index:5;}">
                    <Coords points="698,1087 698,1147 721,1147 721,1087"/>
                    <TextEquiv>
                        <Unicode>Mr</Unicode>
                    </TextEquiv>
                </Word>
                <Word id="tr_2_tl_18_w7" custom="readingOrder {index:6;}">
                    <Coords points="743,1090 743,1150 772,1150 772,1090"/>
                    <TextEquiv>
                        <Unicode>dn</Unicode>
                    </TextEquiv>
                </Word>
                <Word id="tr_2_tl_18_w8" custom="readingOrder {index:7;}">
                    <Coords points="782,1093 782,1153 848,1153 848,1093"/>
                    <TextEquiv>
                        <Unicode>tat.</Unicode>
                    </TextEquiv>
                </Word>
                <Word id="tr_2_tl_18_w9" custom="readingOrder {index:8;}">
                    <Coords points="860,1096 860,1156 870,1156 870,1096"/>
                    <TextEquiv>
                        <Unicode>a</Unicode>
                    </TextEquiv>
                </Word>
                <Word id="tr_2_tl_18_w10" custom="readingOrder {index:9;}">
                    <Coords points="915,1098 915,1158 926,1158 926,1098"/>
                    <TextEquiv>
                        <Unicode>M</Unicode>
                    </TextEquiv>
                </Word>
                <TextEquiv>
                    <Unicode>der deutſchen Theaterlitteratur. Das alles hat ein Ende. Und mit</Unicode>
                </TextEquiv>
            </TextLine>
            <TextLine id="tr_3_tl_1" custom="readingOrder {index:24;} structure {type:paragraph;}">
                <Coords points="231,1176 980,1189 979,1155 937,1152 231,1144"/>
                <Baseline points="239,1166 267,1168 296,1168 324,1168 353,1168 382,1168 410,1170 439,1170 467,1170 496,1172 524,1172 553,1174 581,1174 610,1174 638,1174 667,1176 695,1174 724,1176 752,1176 781,1178 809,1178 838,1180 866,1180 895,1182 923,1182 952,1184 980,1184 984,1184"/>
                <Word id="tr_3_tl_1_w1" custom="readingOrder {index:0;}">
                    <Coords points="225,1127 225,1187 293,1187 293,1127"/>
                    <TextEquiv>
                        <Unicode>Iu</Unicode>
                    </TextEquiv>
                </Word>
                <Word id="tr_3_tl_1_w2" custom="readingOrder {index:1;}">
                    <Coords points="310,1128 310,1188 365,1188 365,1128"/>
                    <TextEquiv>
                        <Unicode>dhen</Unicode>
                    </TextEquiv>
                </Word>
                <Word id="tr_3_tl_1_w3" custom="readingOrder {index:2;}">
                    <Coords points="384,1128 384,1188 395,1188 395,1128"/>
                    <TextEquiv>
                        <Unicode>d</Unicode>
                    </TextEquiv>
                </Word>
                <Word id="tr_3_tl_1_w4" custom="readingOrder {index:3;}">
                    <Coords points="430,1130 430,1190 519,1190 519,1130"/>
                    <TextEquiv>
                        <Unicode>Aoar</Unicode>
                    </TextEquiv>
                </Word>
                <Word id="tr_3_tl_1_w5" custom="readingOrder {index:4;}">
                    <Coords points="540,1134 540,1194 658,1194 658,1134"/>
                    <TextEquiv>
                        <Unicode>Memmaaa,</Unicode>
                    </TextEquiv>
                </Word>
                <Word id="tr_3_tl_1_w6" custom="readingOrder {index:5;}">
                    <Coords points="668,1135 668,1195 693,1195 693,1135"/>
                    <TextEquiv>
                        <Unicode>da</Unicode>
                    </TextEquiv>
                </Word>
                <Word id="tr_3_tl_1_w7" custom="readingOrder {index:6;}">
                    <Coords points="710,1136 710,1196 753,1196 753,1136"/>
                    <TextEquiv>
                        <Unicode>dan</Unicode>
                    </TextEquiv>
                </Word>
                <Word id="tr_3_tl_1_w8" custom="readingOrder {index:7;}">
                    <Coords points="776,1138 776,1198 815,1198 815,1138"/>
                    <TextEquiv>
                        <Unicode>die</Unicode>
                    </TextEquiv>
                </Word>
                <Word id="tr_3_tl_1_w9" custom="readingOrder {index:8;}">
                    <Coords points="834,1140 834,1200 846,1200 846,1140"/>
                    <TextEquiv>
                        <Unicode>m</Unicode>
                    </TextEquiv>
                </Word>
                <Word id="tr_3_tl_1_w10" custom="readingOrder {index:9;}">
                    <Coords points="908,1142 908,1202 958,1202 958,1142"/>
                    <TextEquiv>
                        <Unicode>lau</Unicode>
                    </TextEquiv>
                </Word>
                <TextEquiv>
                    <Unicode>ihm bricht ein Gebäude zuſammen, in dem eine ganze Schar</Unicode>
                </TextEquiv>
            </TextLine>
            <TextLine id="tr_3_tl_2" custom="readingOrder {index:25;}">
                <Coords points="242,1197 974,1216 961,1187 242,1173"/>
                <Baseline points="248,1193 277,1191 305,1191 334,1193 363,1193 391,1193 420,1193 448,1195 477,1195 505,1195 534,1195 562,1197 591,1195 619,1199 648,1199 676,1199 705,1199 733,1201 762,1201 790,1203 819,1203 847,1203 876,1203 904,1204 933,1204 961,1206 976,1208"/>
                <Word id="tr_3_tl_2_w1" custom="readingOrder {index:0;}">
                    <Coords points="235,1151 235,1211 361,1211 361,1151"/>
                    <TextEquiv>
                        <Unicode>omageret,</Unicode>
                    </TextEquiv>
                </Word>
                <Word id="tr_3_tl_2_w2" custom="readingOrder {index:1;}">
                    <Coords points="379,1153 379,1213 422,1213 422,1153"/>
                    <TextEquiv>
                        <Unicode>aber</Unicode>
                    </TextEquiv>
                </Word>
                <Word id="tr_3_tl_2_w3" custom="readingOrder {index:2;}">
                    <Coords points="443,1155 443,1215 483,1215 483,1155"/>
                    <TextEquiv>
                        <Unicode>letr</Unicode>
                    </TextEquiv>
                </Word>
                <Word id="tr_3_tl_2_w4" custom="readingOrder {index:3;}">
                    <Coords points="503,1155 503,1215 564,1215 564,1155"/>
                    <TextEquiv>
                        <Unicode>tauter</Unicode>
                    </TextEquiv>
                </Word>
                <Word id="tr_3_tl_2_w5" custom="readingOrder {index:4;}">
                    <Coords points="587,1159 587,1219 657,1219 657,1159"/>
                    <TextEquiv>
                        <Unicode>Oeitter</Unicode>
                    </TextEquiv>
                </Word>
                <Word id="tr_3_tl_2_w6" custom="readingOrder {index:5;}">
                    <Coords points="670,1159 670,1219 738,1219 738,1159"/>
                    <TextEquiv>
                        <Unicode>dosnn</Unicode>
                    </TextEquiv>
                </Word>
                <Word id="tr_3_tl_2_w7" custom="readingOrder {index:6;}">
                    <Coords points="768,1163 768,1223 856,1223 856,1163"/>
                    <TextEquiv>
                        <Unicode>scfunten</Unicode>
                    </TextEquiv>
                </Word>
                <Word id="tr_3_tl_2_w8" custom="readingOrder {index:7;}">
                    <Coords points="876,1163 876,1223 917,1223 917,1163"/>
                    <TextEquiv>
                        <Unicode>put.</Unicode>
                    </TextEquiv>
                </Word>
                <Word id="tr_3_tl_2_w9" custom="readingOrder {index:8;}">
                    <Coords points="939,1165 939,1225 978,1225 978,1165"/>
                    <TextEquiv>
                        <Unicode>Get</Unicode>
                    </TextEquiv>
                </Word>
                <TextEquiv>
                    <Unicode>schwächerer, aber ſehr lauter Geiſter Obdach gefunden hat. Der</Unicode>
                </TextEquiv>
            </TextLine>
            <TextLine id="tr_3_tl_3" custom="readingOrder {index:26;} work {offset:15; length:11;}">
                <Coords points="238,1219 978,1238 977,1214 868,1203 238,1198"/>
                <Baseline points="245,1216 273,1216 302,1216 330,1216 359,1216 387,1218 416,1218 444,1218 473,1218 501,1220 530,1220 558,1216 587,1220 615,1222 644,1222 672,1223 701,1223 729,1222 758,1223 786,1225 815,1225 843,1227 872,1227 900,1227 929,1229 957,1231 978,1231"/>
                <Word id="tr_3_tl_3_w1" custom="readingOrder {index:0;}">
                    <Coords points="231,1176 231,1236 329,1236 329,1176"/>
                    <TextEquiv>
                        <Unicode>nunfat</Unicode>
                    </TextEquiv>
                </Word>
                <Word id="tr_3_tl_3_w2" custom="readingOrder {index:1;}">
                    <Coords points="350,1176 350,1236 382,1236 382,1176"/>
                    <TextEquiv>
                        <Unicode>bes</Unicode>
                    </TextEquiv>
                </Word>
                <Word id="tr_3_tl_3_w3" custom="readingOrder {index:2;}">
                    <Coords points="403,1178 403,1238 463,1238 463,1178"/>
                    <TextEquiv>
                        <Unicode>seten</Unicode>
                    </TextEquiv>
                </Word>
                <Word id="tr_3_tl_3_w4" custom="readingOrder {index:3;}">
                    <Coords points="485,1180 485,1240 563,1240 563,1180"/>
                    <TextEquiv>
                        <Unicode>Guens’</Unicode>
                    </TextEquiv>
                </Word>
                <Word id="tr_3_tl_3_w5" custom="readingOrder {index:4;}">
                    <Coords points="584,1180 584,1240 593,1240 593,1180"/>
                    <TextEquiv>
                        <Unicode>4</Unicode>
                    </TextEquiv>
                </Word>
                <Word id="tr_3_tl_3_w6" custom="readingOrder {index:5;}">
                    <Coords points="624,1182 624,1242 644,1242 644,1182"/>
                    <TextEquiv>
                        <Unicode>lo</Unicode>
                    </TextEquiv>
                </Word>
                <Word id="tr_3_tl_3_w7" custom="readingOrder {index:6;}">
                    <Coords points="665,1183 665,1243 724,1243 724,1183"/>
                    <TextEquiv>
                        <Unicode>ernne</Unicode>
                    </TextEquiv>
                </Word>
                <Word id="tr_3_tl_3_w8" custom="readingOrder {index:7;}">
                    <Coords points="747,1183 747,1243 782,1243 782,1183"/>
                    <TextEquiv>
                        <Unicode>nue</Unicode>
                    </TextEquiv>
                </Word>
                <Word id="tr_3_tl_3_w9" custom="readingOrder {index:8;}">
                    <Coords points="803,1185 803,1245 831,1245 831,1185"/>
                    <TextEquiv>
                        <Unicode>en</Unicode>
                    </TextEquiv>
                </Word>
                <Word id="tr_3_tl_3_w10" custom="readingOrder {index:9;}">
                    <Coords points="853,1188 853,1248 979,1248 979,1188"/>
                    <TextEquiv>
                        <Unicode>litterarifort</Unicode>
                    </TextEquiv>
                </Word>
                <TextEquiv>
                    <Unicode>Durchfall des »roten Hahns« iſt ſo etwas wie ein litterariſcher</Unicode>
                </TextEquiv>
            </TextLine>
            <TextLine id="tr_3_tl_4" custom="readingOrder {index:27;}">
                <Coords points="237,1243 970,1260 970,1235 237,1219"/>
                <Baseline points="243,1237 271,1239 300,1241 328,1241 357,1241 385,1241 414,1241 442,1242 471,1242 499,1242 528,1242 556,1244 585,1244 613,1244 642,1246 670,1246 699,1246 727,1246 756,1248 784,1248 813,1250 841,1250 870,1250 898,1252 927,1252 955,1256 973,1254"/>
                <Word id="tr_3_tl_4_w1" custom="readingOrder {index:0;}">
                    <Coords points="230,1200 230,1260 364,1260 364,1200"/>
                    <TextEquiv>
                        <Unicode>Dectenfurg,</Unicode>
                    </TextEquiv>
                </Word>
                <Word id="tr_3_tl_4_w2" custom="readingOrder {index:1;}">
                    <Coords points="373,1201 373,1261 408,1261 408,1201"/>
                    <TextEquiv>
                        <Unicode>toie</Unicode>
                    </TextEquiv>
                </Word>
                <Word id="tr_3_tl_4_w3" custom="readingOrder {index:2;}">
                    <Coords points="423,1202 423,1262 461,1262 461,1202"/>
                    <TextEquiv>
                        <Unicode>eine</Unicode>
                    </TextEquiv>
                </Word>
                <Word id="tr_3_tl_4_w4" custom="readingOrder {index:3;}">
                    <Coords points="477,1202 477,1262 604,1262 604,1202"/>
                    <TextEquiv>
                        <Unicode>Ratatforte,</Unicode>
                    </TextEquiv>
                </Word>
                <Word id="tr_3_tl_4_w5" custom="readingOrder {index:4;}">
                    <Coords points="622,1205 622,1265 649,1265 649,1205"/>
                    <TextEquiv>
                        <Unicode>sie</Unicode>
                    </TextEquiv>
                </Word>
                <Word id="tr_3_tl_4_w6" custom="readingOrder {index:5;}">
                    <Coords points="671,1206 671,1266 710,1266 710,1206"/>
                    <TextEquiv>
                        <Unicode>igre</Unicode>
                    </TextEquiv>
                </Word>
                <Word id="tr_3_tl_4_w7" custom="readingOrder {index:6;}">
                    <Coords points="726,1208 726,1268 807,1268 807,1208"/>
                    <TextEquiv>
                        <Unicode>mictunn</Unicode>
                    </TextEquiv>
                </Word>
                <Word id="tr_3_tl_4_w8" custom="readingOrder {index:7;}">
                    <Coords points="828,1210 828,1270 911,1270 911,1210"/>
                    <TextEquiv>
                        <Unicode>ausubeu</Unicode>
                    </TextEquiv>
                </Word>
                <Word id="tr_3_tl_4_w9" custom="readingOrder {index:8;}">
                    <Coords points="927,1214 927,1274 968,1274 968,1214"/>
                    <TextEquiv>
                        <Unicode>muß</Unicode>
                    </TextEquiv>
                </Word>
                <TextEquiv>
                    <Unicode>Börſenſturz, wie eine Kataſtrophe, die ihre Wirkung ausüben muß,</Unicode>
                </TextEquiv>
            </TextLine>
            <TextLine id="tr_3_tl_5" custom="readingOrder {index:28;} work {offset:37; length:14;}">
                <Coords points="238,1269 972,1288 946,1257 238,1247"/>
                <Baseline points="245,1263 273,1261 302,1263 330,1263 359,1263 387,1263 416,1265 444,1265 473,1265 501,1265 530,1267 558,1267 587,1267 615,1269 644,1269 672,1269 701,1269 729,1271 758,1271 786,1273 815,1273 843,1273 872,1275 900,1275 929,1277 957,1279 973,1279"/>
                <Word id="tr_3_tl_5_w1" custom="readingOrder {index:0;}">
                    <Coords points="231,1221 231,1281 290,1281 290,1221"/>
                    <TextEquiv>
                        <Unicode>mon</Unicode>
                    </TextEquiv>
                </Word>
                <Word id="tr_3_tl_5_w2" custom="readingOrder {index:1;}">
                    <Coords points="304,1223 304,1283 328,1283 328,1223"/>
                    <TextEquiv>
                        <Unicode>au</Unicode>
                    </TextEquiv>
                </Word>
                <Word id="tr_3_tl_5_w3" custom="readingOrder {index:2;}">
                    <Coords points="360,1223 360,1283 395,1283 395,1223"/>
                    <TextEquiv>
                        <Unicode>non</Unicode>
                    </TextEquiv>
                </Word>
                <Word id="tr_3_tl_5_w4" custom="readingOrder {index:3;}">
                    <Coords points="416,1225 416,1285 481,1285 481,1225"/>
                    <TextEquiv>
                        <Unicode>fetee</Unicode>
                    </TextEquiv>
                </Word>
                <Word id="tr_3_tl_5_w5" custom="readingOrder {index:4;}">
                    <Coords points="496,1225 496,1285 526,1285 526,1225"/>
                    <TextEquiv>
                        <Unicode>ate</Unicode>
                    </TextEquiv>
                </Word>
                <Word id="tr_3_tl_5_w6" custom="readingOrder {index:5;}">
                    <Coords points="540,1227 540,1287 576,1287 576,1227"/>
                    <TextEquiv>
                        <Unicode>nan</Unicode>
                    </TextEquiv>
                </Word>
                <Word id="tr_3_tl_5_w7" custom="readingOrder {index:6;}">
                    <Coords points="596,1229 596,1289 638,1289 638,1229"/>
                    <TextEquiv>
                        <Unicode>semn</Unicode>
                    </TextEquiv>
                </Word>
                <Word id="tr_3_tl_5_w8" custom="readingOrder {index:7;}">
                    <Coords points="659,1229 659,1289 742,1289 742,1229"/>
                    <TextEquiv>
                        <Unicode>Niouet</Unicode>
                    </TextEquiv>
                </Word>
                <Word id="tr_3_tl_5_w9" custom="readingOrder {index:8;}">
                    <Coords points="755,1233 755,1293 846,1293 846,1233"/>
                    <TextEquiv>
                        <Unicode>drumer-</Unicode>
                    </TextEquiv>
                </Word>
                <Word id="tr_3_tl_5_w10" custom="readingOrder {index:9;}">
                    <Coords points="857,1235 857,1295 887,1295 887,1235"/>
                    <TextEquiv>
                        <Unicode>zer</Unicode>
                    </TextEquiv>
                </Word>
                <Word id="tr_3_tl_5_w11" custom="readingOrder {index:10;}">
                    <Coords points="903,1237 903,1297 956,1297 956,1237"/>
                    <TextEquiv>
                        <Unicode>Dectu</Unicode>
                    </TextEquiv>
                </Word>
                <TextEquiv>
                    <Unicode>wenn auch noch frecher als nach dem »Michael Kramer« der Verſuch</Unicode>
                </TextEquiv>
            </TextLine>
            <TextLine id="tr_3_tl_6" custom="readingOrder {index:29;} place {offset:27; length:7;}">
                <Coords points="240,1294 974,1307 925,1280 240,1271"/>
                <Baseline points="247,1286 275,1286 304,1286 332,1286 361,1288 389,1288 418,1290 446,1290 475,1290 503,1290 532,1290 560,1292 589,1292 617,1292 646,1292 674,1294 703,1294 731,1294 760,1296 788,1296 817,1298 845,1298 874,1299 902,1299 931,1299 959,1301 976,1301"/>
                <Word id="tr_3_tl_6_w1" custom="readingOrder {index:0;}">
                    <Coords points="233,1246 233,1306 317,1306 317,1246"/>
                    <TextEquiv>
                        <Unicode>Homagt</Unicode>
                    </TextEquiv>
                </Word>
                <Word id="tr_3_tl_6_w2" custom="readingOrder {index:1;}">
                    <Coords points="331,1248 331,1308 404,1308 404,1248"/>
                    <TextEquiv>
                        <Unicode>meieen</Unicode>
                    </TextEquiv>
                </Word>
                <Word id="tr_3_tl_6_w3" custom="readingOrder {index:2;}">
                    <Coords points="417,1250 417,1310 479,1310 479,1250"/>
                    <TextEquiv>
                        <Unicode>fotte,</Unicode>
                    </TextEquiv>
                </Word>
                <Word id="tr_3_tl_6_w4" custom="readingOrder {index:3;}">
                    <Coords points="493,1250 493,1310 527,1310 527,1250"/>
                    <TextEquiv>
                        <Unicode>das</Unicode>
                    </TextEquiv>
                </Word>
                <Word id="tr_3_tl_6_w5" custom="readingOrder {index:4;}">
                    <Coords points="543,1252 543,1312 620,1312 620,1252"/>
                    <TextEquiv>
                        <Unicode>Zoutfee</Unicode>
                    </TextEquiv>
                </Word>
                <Word id="tr_3_tl_6_w6" custom="readingOrder {index:5;}">
                    <Coords points="636,1254 636,1314 734,1314 734,1254"/>
                    <TextEquiv>
                        <Unicode>Butlitum</Unicode>
                    </TextEquiv>
                </Word>
                <Word id="tr_3_tl_6_w7" custom="readingOrder {index:6;}">
                    <Coords points="747,1256 747,1316 792,1316 792,1256"/>
                    <TextEquiv>
                        <Unicode>über</Unicode>
                    </TextEquiv>
                </Word>
                <Word id="tr_3_tl_6_w8" custom="readingOrder {index:7;}">
                    <Coords points="807,1258 807,1318 834,1318 834,1258"/>
                    <TextEquiv>
                        <Unicode>die</Unicode>
                    </TextEquiv>
                </Word>
                <Word id="tr_3_tl_6_w9" custom="readingOrder {index:8;}">
                    <Coords points="849,1259 849,1319 942,1319 942,1259"/>
                    <TextEquiv>
                        <Unicode>Dasueeit</Unicode>
                    </TextEquiv>
                </Word>
                <Word id="tr_3_tl_6_w10" custom="readingOrder {index:9;}">
                    <Coords points="957,1261 957,1321 977,1321 977,1261"/>
                    <TextEquiv>
                        <Unicode>zu</Unicode>
                    </TextEquiv>
                </Word>
                <TextEquiv>
                    <Unicode>gemacht werden ſollte, das deutſche Publikum über die Wahrheit zu</Unicode>
                </TextEquiv>
            </TextLine>
            <TextLine id="tr_3_tl_7" custom="readingOrder {index:30;} place {offset:14; length:6;} date {offset:50; length:12;}">
                <Coords points="238,1317 963,1342 977,1307 237,1292"/>
                <Baseline points="245,1311 273,1311 302,1309 330,1311 359,1311 387,1311 416,1313 444,1313 473,1315 501,1315 530,1315 558,1315 587,1317 615,1317 644,1317 672,1318 701,1318 729,1320 758,1320 786,1320 815,1322 843,1322 872,1322 900,1324 929,1324 957,1324 978,1328"/>
                <Word id="tr_3_tl_7_w1" custom="readingOrder {index:0;}">
                    <Coords points="230,1270 230,1330 328,1330 328,1270"/>
                    <TextEquiv>
                        <Unicode>In</Unicode>
                    </TextEquiv>
                </Word>
                <Word id="tr_3_tl_7_w2" custom="readingOrder {index:1;}">
                    <Coords points="351,1271 351,1331 389,1331 389,1271"/>
                    <TextEquiv>
                        <Unicode>Ke</Unicode>
                    </TextEquiv>
                </Word>
                <Word id="tr_3_tl_7_w3" custom="readingOrder {index:2;}">
                    <Coords points="400,1273 400,1333 465,1333 465,1273"/>
                    <TextEquiv>
                        <Unicode>Aanu</Unicode>
                    </TextEquiv>
                </Word>
                <Word id="tr_3_tl_7_w4" custom="readingOrder {index:3;}">
                    <Coords points="495,1275 495,1335 637,1335 637,1275"/>
                    <TextEquiv>
                        <Unicode>SceanuPlah</Unicode>
                    </TextEquiv>
                </Word>
                <Word id="tr_3_tl_7_w5" custom="readingOrder {index:4;}">
                    <Coords points="642,1277 642,1337 682,1337 682,1277"/>
                    <TextEquiv>
                        <Unicode>aar</Unicode>
                    </TextEquiv>
                </Word>
                <Word id="tr_3_tl_7_w6" custom="readingOrder {index:5;}">
                    <Coords points="703,1279 703,1339 731,1339 731,1279"/>
                    <TextEquiv>
                        <Unicode>aae</Unicode>
                    </TextEquiv>
                </Word>
                <Word id="tr_3_tl_7_w7" custom="readingOrder {index:6;}">
                    <Coords points="748,1280 748,1340 771,1340 771,1280"/>
                    <TextEquiv>
                        <Unicode>aa</Unicode>
                    </TextEquiv>
                </Word>
                <Word id="tr_3_tl_7_w8" custom="readingOrder {index:7;}">
                    <Coords points="784,1280 784,1340 809,1340 809,1280"/>
                    <TextEquiv>
                        <Unicode>l</Unicode>
                    </TextEquiv>
                </Word>
                <Word id="tr_3_tl_7_w9" custom="readingOrder {index:8;}">
                    <Coords points="824,1282 824,1342 918,1342 918,1282"/>
                    <TextEquiv>
                        <Unicode>mmaaan</Unicode>
                    </TextEquiv>
                </Word>
                <Word id="tr_3_tl_7_w10" custom="readingOrder {index:9;}">
                    <Coords points="930,1284 930,1344 956,1344 956,1284"/>
                    <TextEquiv>
                        <Unicode>dn</Unicode>
                    </TextEquiv>
                </Word>
                <TextEquiv>
                    <Unicode>täuſchen. Die Berliner Litteratur-Tyrannei hat am 27. November ihr</Unicode>
                </TextEquiv>
            </TextLine>
            <TextLine id="tr_3_tl_8" custom="readingOrder {index:31;} supplied {offset:4; length:1;} comment {offset:4; length:1;comment:im\u0020Original\u0020kein\u0020Spatium,\u0020Druckfehler;} letter-end {offset:17; length:0;}">
                <Coords points="231,1354 249,1347 261,1354 278,1346 288,1352 310,1347 326,1354 417,1356 417,1318 364,1322 331,1314 297,1322 277,1314 231,1314"/>
                <Baseline points="239,1336 250,1336 279,1336 307,1336 336,1336 364,1336 393,1336 445,1337"/>
                <Word id="tr_3_tl_8_w1" custom="readingOrder {index:0;}">
                    <Coords points="224,1296 224,1356 404,1356 404,1296"/>
                    <TextEquiv>
                        <Unicode>Kamannn.</Unicode>
                    </TextEquiv>
                </Word>
                <TextEquiv>
                    <Unicode>Ende gefunden.« –</Unicode>
                </TextEquiv>
            </TextLine>
            <TextEquiv>
                <Unicode>aus einem Referat Perfalls
in der Kölniſchen Zeitung,
nur damit Du ſiehſt, daß es
außer Herrn Ebermann auch noch
andere Leute gibt, die meine
Anſicht theilen.
Viele treue Grüße!
Dein Paul Goldmann.
Hauptmanns Niedergang und die Berliner Litteratur-¬
Tyrannei. In der »Kölniſchen Zeitung« leſen wir: ». . . Der
Mißerfolg des »roten Hahns«, der dem Mißerfolge des »Michael
Kramer« folgt, läßt kaum noch die Hoffnung übrig, daß Hauptmann
über ſeine früheren Werke zu einer großen Dramatik aufſteigen wird.
Es iſt vielmehr ziemlich ſicher, daß er beſtenfalls ſich noch einmal
auf halber Höhe aufrichtet, aber der Hauptmann, über den eine ganze
Litteratur entſtanden iſt, der Hauptmann, in dem man die Zukunft
des Deutſchen Dramas ahnen wollte, dieſer Hauptmann iſt geweſen,
und die deutſche Litteratur geht über ihn hinweg, weil ſie ſchon
über manchen kurzlebigen Stern, der an dem Theaterhimmel glänzte,
hinweggegangen iſt. Aber Hauptmanns Niedergang bedeutet,
wie die Dinge einmal liegen, noch mehr. Hauptmann war ohne
ſeinen Willen der große Neuerer, um den ſich ein ganzes Programm,
eine ganze Bewegung gebildet hat; er war der heimliche Diktator
der deutſchen Theaterlitteratur. Das alles hat ein Ende. Und mit
ihm bricht ein Gebäude zuſammen, in dem eine ganze Schar
schwächerer, aber ſehr lauter Geiſter Obdach gefunden hat. Der
Durchfall des »roten Hahns« iſt ſo etwas wie ein litterariſcher
Börſenſturz, wie eine Kataſtrophe, die ihre Wirkung ausüben muß,
wenn auch noch frecher als nach dem »Michael Kramer« der Verſuch
gemacht werden ſollte, das deutſche Publikum über die Wahrheit zu
täuſchen. Die Berliner Litteratur-Tyrannei hat am 27. November ihr
Ende gefunden.« –</Unicode>
            </TextEquiv>
        </TextRegion>
    </Page>
</PcGts>
