3751 4565
513 557 1606 617 Tharacteriſeren«
1741 547 1945 607 wie
2022 545 2148 605 Du
2264 545 2806 605 miinſt,
2893 556 3106 616 habe
3193 569 3319 629 ich

472 748 823 808 Dein
920 745 1233 805 Werk
1390 733 1734 793 damit
1831 723 2062 783 nicht
2159 714 2801 774 gewollt;
2981 719 3257 779 und

504 923 655 983 es
736 931 1264 991 erſtaunt
1375 923 1689 983 mich,
1771 912 1953 972 daß
2064 902 2166 962 ich
2247 892 2470 952 Dich
2561 881 2795 941 erſt
2946 871 3230 931 noch

492 1137 1157 1197 beſonders
1239 1123 1666 1183 darauf
1872 1086 2545 1146 hinweiſen
2636 1063 3080 1123 muß,
3129 1062 3400 1122 eine

450 1305 631 1365 in
712 1300 1066 1360 einem
1202 1291 1937 1351 Briefweiſſel
2074 1277 2627 1337 zwiſchen
2736 1256 3198 1316 zwei¬

485 1494 1161 1554 Freunden
1326 1478 1762 1538 flüchtig
1883 1448 2854 1508 hingewoſene
2984 1432 3262 1492 Be¬

466 1670 1132 1730 merkung
1292 1657 1630 1717 könne
1750 1641 1979 1701 doch
2068 1615 2735 1675 uemöglich
2873 1591 3023 1651 die

432 1864 1289 1924 Präteation
1462 1836 1886 1896 haben,
1983 1813 2157 1873 ein
2308 1794 2623 1854 Werk
2743 1785 3447 1845 »erſchäpfend

502 2072 662 2132 zu
759 2054 1905 2114 characteriſiren«.

778 2294 1109 2354 daß
1234 2277 1338 2337 ich
1400 2268 1598 2328 Dir
1711 2253 2221 2313 ſolange
2386 2248 2656 2308 nicht
2739 2253 3164 2313 ſchrieb

448 2482 854 2542 hatte
1019 2477 1382 2537 ſeinen
1624 2455 2018 2515 Grund
2129 2443 2238 2503 in
2371 2439 2524 2499 der
2601 2453 3490 2513 Angewiſcheit,

471 2673 758 2733 der
830 2672 1271 2732 ganzen
1426 2643 2197 2703 Situation.
2309 2622 2454 2682 Du
2567 2619 2999 2679 kannſt
3070 2633 3286 2693 Dich

486 2859 980 2919 gewiß
1122 2842 1325 2902 mir
1484 2821 1873 2881 ſchwer
2040 2803 2156 2863 in
2226 2797 2393 2857 die
2474 2794 2986 2854 Aualen
3074 2814 3418 2874 einer

518 3066 987 3126 ſolchen
1104 3026 1838 3086 Wartezeit
2043 2992 3227 3052 hineindenken.

447 3245 844 3305 Heut
951 3223 1189 3283 will
1295 3209 1393 3269 ich
1516 3189 2117 3249 ſchreiben;
2170 3173 2418 3233 aber
2612 3161 3054 3221 nen,
3108 3157 3240 3217 ich

430 3427 955 3487 warte
1021 3411 1229 3471 doch
1316 3391 1689 3451 lieber
1841 3369 1995 3429 bis
2072 3358 2279 3418 auf
2379 3349 3023 3409 morgen,
3045 3363 3319 3423 weil

438 3589 1007 3649 vorgeis
1079 3581 1305 3641 doch
1441 3566 1856 3626 endlich
1946 3552 2082 3612 die
2217 3535 3058 3595 entſcheidende

445 3779 1120 3839 Antwort
1176 3755 1746 3815 kommen
1900 3727 2374 3787 wird.
2430 3713 2688 3773 Und
2760 3706 2969 3766 das
3081 3704 3306 3764 geht

428 3958 735 4018 ſo,
794 3946 1101 4006 einen
1229 3932 1655 3992 Monat
1752 3920 2052 3980 lang
2171 3909 2395 3969 und
2508 3898 3062 3958 darüber

460 4138 661 4198 Ich
723 4133 945 4193 habe
1039 4129 1229 4189 Dir
1418 4121 1660 4181 nicht
1746 4109 2482 4169 geſchrieben,
2578 4090 2904 4150 weil
3062 4077 3179 4137 ich
