3731 4584
504 514 886 574 Mein
960 514 1258 574 lieber
1367 516 1882 576 Freund,
1948 519 2039 579 ich
2130 526 2445 586 komm
2687 542 2860 602 alſo
2960 557 3176 617 nicht

352 669 616 729 nach
680 673 1024 733 Wien.
1072 674 1136 734 Es
1216 673 1440 733 war
1520 673 1664 733 ein
1776 678 2344 738 qeielendes
2488 716 3224 776 wochenlanges

337 825 806 885 Rungen
897 818 1080 878 und
1173 818 1325 878 ein
1406 821 1814 881 ſchwerer
1885 837 2467 897 Entſchluß.
2549 864 2753 924 Wir
2834 884 3027 944 alle

327 971 954 1031 Entſchlüſſe
1012 973 1120 1033 im
1202 980 1764 1040 Augerblick
1888 994 2333 1054 nachdem
2458 1006 2730 1066 man
2847 1012 2995 1072 ſie

358 1142 803 1202 gehaßt
851 1144 1067 1204 hat,
1127 1142 1535 1202 erſcheint
1643 1141 1823 1201 mir
1919 1141 2135 1201 auch
2244 1149 2520 1209 dieſer
2688 1169 2893 1229 jetzt
2988 1196 3205 1256 recht

341 1327 1188 1387 tadelnswerth.
1248 1319 1470 1379 Aber
1545 1315 1701 1375 das
1775 1312 2020 1372 war
2095 1310 2176 1370 zu
2340 1319 2964 1379 erwarten.

538 1504 792 1564 Als
876 1498 960 1558 ich
1036 1497 1205 1557 von
1264 1496 1534 1556 Wien
1611 1498 1813 1558 nach
1906 1506 2472 1566 Frackhurt
2573 1517 2801 1577 kam
2954 1523 3139 1583 und

326 1682 558 1742 ſich
646 1676 749 1736 in
809 1665 1354 1725 Frankfurt
1458 1653 1562 1713 die
1649 1646 2081 1706 Wiener
2202 1651 2729 1711 Endrucke
2902 1674 2989 1734 zu

344 1828 769 1888 klären
845 1825 1506 1885 begannen,
1560 1820 1848 1880 ſchien
1947 1817 2023 1877 es
2130 1817 2343 1877 mir
2464 1827 3087 1887 zunächſt,

331 1984 1074 2044 unmöglich,
1148 1987 1354 2047 nich
1457 1978 1832 2038 wieder
1906 1970 1994 2030 in
2068 1967 2222 2027 den
2363 1965 2848 2025 Wiener

367 2151 1279 2211 Journalismus
1391 2134 1466 2194 zu
1568 2125 1875 2185 fügen
2024 2117 2517 2177 nachdem
2676 2127 2768 2187 ich
2862 2146 3123 2206 Jahre

302 2303 643 2363 lang
733 2308 996 2368 unter
1126 2301 1629 2361 größeren
1720 2294 1892 2354 und
2012 2290 2475 2350 freieren
2596 2301 3079 2361 Verhält
3169 2322 3189 2382 –

343 2465 743 2525 niſſen
802 2476 1174 2536 gelebt.
1241 2480 1451 2540 Und
1565 2483 1947 2543 nachdem
2004 2484 2081 2544 ich
2176 2485 2424 2545 Jahre
2473 2487 2711 2547 lang
2844 2491 2959 2551 in

333 2638 556 2698 der
639 2649 1187 2709 Frankhurter
1320 2662 1777 2722 Zeitung«
1860 2668 2491 2728 gearbeitet,
2565 2665 2706 2725 wo
2831 2662 2922 2722 ich

328 2813 1005 2873 ungehindert
1089 2831 1402 2891 meine
1508 2841 1980 2901 Anſichten
2080 2846 2477 2906 erthalten
2568 2848 2941 2908 konnte
3055 2848 3246 2908 und

343 2982 823 3042 eigentlich
897 2990 1063 3050 niur
1164 2995 1406 3055 mein
1580 3007 2080 3067 Gewiſſen
2209 3019 2357 3079 im
2458 3028 2671 3088 Rath
2736 3035 2801 3095 zu
2883 3047 3207 3107 fragen

345 3165 881 3225 brauchte,
925 3170 1268 3230 erſchien
1356 3174 1426 3234 es
1497 3178 1690 3238 mir
1804 3186 2377 3246 unröglich,
2438 3195 2632 3255 nich
2719 3201 2798 3261 in
2913 3206 3044 3266 die

362 3324 755 3384 »Neie
823 3347 1082 3407 Freie
1149 3359 1447 3419 Greſſe«
1505 3365 1524 3425 X
2100 3382 2927 3442 hineinzufinden
3022 3403 3215 3463 mit

368 3529 672 3589 ihrer
765 3540 1966 3600 Rückſichtennehmerei
2050 3558 2253 3618 und
2346 3568 2946 3628 Cliquen-¬

365 3707 1078 3767 Wirthſchaft,
1134 3729 1416 3789 wolche
1491 3731 2027 3791 verlangt,
2064 3730 2205 3790 daß
2336 3728 2600 3788 man
2702 3732 3031 3792 Dieſes

362 3882 992 3942 beſchöngt
1137 3899 1331 3959 und
1411 3906 1719 3966 Zernes
1816 3913 2414 3973 verſchwegt
2545 3917 2739 3977 und
2851 3919 3013 3979 daß

394 4066 671 4126 mar
768 4077 1179 4137 Herzes
1246 4094 1956 4154 durchgefallenr
2083 4105 2449 4165 Stücke
2510 4103 2666 4163 als
2809 4095 2943 4155 die
