<?xml version="1.0" encoding="UTF-8" standalone="yes"?>
<PcGts xmlns="http://schema.primaresearch.org/PAGE/gts/pagecontent/2013-07-15" xmlns:xsi="http://www.w3.org/2001/XMLSchema-instance" xsi:schemaLocation="http://schema.primaresearch.org/PAGE/gts/pagecontent/2013-07-15 http://schema.primaresearch.org/PAGE/gts/pagecontent/2013-07-15/pagecontent.xsd">
    <Metadata>
        <Creator>prov=READ-COOP:name=PyLaia@TranskribusPlatform:version=1.2.0:model_id=49503:lm=none:date=15_02_2023_10:05</Creator>
        <Created>2022-04-04T16:25:45.469+02:00</Created>
        <LastChange>2023-02-16T10:00:12.321+01:00</LastChange>
        <TranskribusMetadata docId="962554" pageId="37299428" pageNr="5" tsid="114804314" status="IN_PROGRESS" userId="64420" imgUrl="https://files.transkribus.eu/Get?id=PMDJBTNDPUITVUVAANEZVNFO&amp;fileType=view" xmlUrl="https://files.transkribus.eu/Get?id=GYZBBKAZDNUWLBKMLTVPFUTU" imageId="30076469"/>
    </Metadata>
    <Page imageFilename="DLA_1901_00005 DLA_85.1.3171_00004-1.jpg" imageWidth="1212" imageHeight="1444">
        <ReadingOrder>
            <OrderedGroup id="ro_1687340687289" caption="Regions reading order">
                <RegionRefIndexed index="0" regionRef="tr_3"/>
                <RegionRefIndexed index="1" regionRef="tr_4"/>
                <RegionRefIndexed index="2" regionRef="tr_2"/>
                <RegionRefIndexed index="3" regionRef="tr_1"/>
            </OrderedGroup>
        </ReadingOrder>
        <TextRegion id="tr_3" custom="readingOrder {index:0;}">
            <Coords points="8,108 1134,108 1134,424 8,424"/>
            <TextLine id="tr_3_tl_1" custom="readingOrder {index:0;}">
                <Coords points="160,209 331,164 541,223 678,175 814,183 891,228 1024,206 1023,147 676,158 411,105 342,149 256,113 159,140"/>
                <Baseline points="166,158 196,158 226,160 256,162 286,164 316,166 346,166 376,166 406,168 436,168 466,170 496,170 526,172 556,174 586,176 616,178 646,176 676,178 706,176 736,176 766,176 796,178 826,176 856,176 886,174 916,178 946,178 976,178 1006,180 1028,178"/>
                <Word id="tr_3_tl_1_w1" custom="readingOrder {index:0;}">
                    <Coords points="157,118 157,178 224,178 224,118"/>
                    <TextEquiv>
                        <Unicode>ich</Unicode>
                    </TextEquiv>
                </Word>
                <Word id="tr_3_tl_1_w2" custom="readingOrder {index:1;}">
                    <Coords points="254,124 254,184 318,184 318,124"/>
                    <TextEquiv>
                        <Unicode>im</Unicode>
                    </TextEquiv>
                </Word>
                <Word id="tr_3_tl_1_w3" custom="readingOrder {index:2;}">
                    <Coords points="364,128 364,188 517,188 517,128"/>
                    <TextEquiv>
                        <Unicode>Stande</Unicode>
                    </TextEquiv>
                </Word>
                <Word id="tr_3_tl_1_w4" custom="readingOrder {index:3;}">
                    <Coords points="568,137 568,197 656,197 656,137"/>
                    <TextEquiv>
                        <Unicode>ſein</Unicode>
                    </TextEquiv>
                </Word>
                <Word id="tr_3_tl_1_w5" custom="readingOrder {index:4;}">
                    <Coords points="682,136 682,196 868,196 868,136"/>
                    <TextEquiv>
                        <Unicode>werde,</Unicode>
                    </TextEquiv>
                </Word>
                <Word id="tr_3_tl_1_w6" custom="readingOrder {index:5;}">
                    <Coords points="902,138 902,198 995,198 995,138"/>
                    <TextEquiv>
                        <Unicode>mich</Unicode>
                    </TextEquiv>
                </Word>
                <TextEquiv>
                    <Unicode>ich im Stande ſein werde, mich</Unicode>
                </TextEquiv>
            </TextLine>
            <TextLine id="tr_3_tl_2" custom="readingOrder {index:1;}">
                <Coords points="161,260 470,254 558,293 751,252 1017,278 1017,243 845,239 770,192 685,238 516,214 419,239 282,198 161,225"/>
                <Baseline points="168,250 198,252 228,256 258,256 288,256 318,258 348,258 378,256 408,256 438,256 468,254 498,252 528,252 558,254 588,254 618,254 648,252 678,252 708,252 738,252 768,252 798,252 828,252 858,254 888,254 918,256 948,256 978,258 1008,260 1020,262"/>
                <Word id="tr_3_tl_2_w1" custom="readingOrder {index:0;}">
                    <Coords points="157,216 157,276 341,276 341,216"/>
                    <TextEquiv>
                        <Unicode>lamber</Unicode>
                    </TextEquiv>
                </Word>
                <Word id="tr_3_tl_2_w2" custom="readingOrder {index:1;}">
                    <Coords points="383,216 383,276 424,276 424,216"/>
                    <TextEquiv>
                        <Unicode>zu</Unicode>
                    </TextEquiv>
                </Word>
                <Word id="tr_3_tl_2_w3" custom="readingOrder {index:2;}">
                    <Coords points="485,214 485,274 698,274 698,214"/>
                    <TextEquiv>
                        <Unicode>eimpören.</Unicode>
                    </TextEquiv>
                </Word>
                <Word id="tr_3_tl_2_w4" custom="readingOrder {index:3;}">
                    <Coords points="724,212 724,272 771,272 771,212"/>
                    <TextEquiv>
                        <Unicode>In</Unicode>
                    </TextEquiv>
                </Word>
                <Word id="tr_3_tl_2_w5" custom="readingOrder {index:4;}">
                    <Coords points="803,214 803,274 991,274 991,214"/>
                    <TextEquiv>
                        <Unicode>meiner</Unicode>
                    </TextEquiv>
                </Word>
                <TextEquiv>
                    <Unicode>darüber zu empören. In meiner</Unicode>
                </TextEquiv>
            </TextLine>
            <TextLine id="tr_3_tl_4" custom="readingOrder {index:2;} work {offset:0; length:6;} work {offset:13; length:14;}">
                <Coords points="164,350 1130,334 1130,298 1066,268 896,314 790,277 469,316 165,267"/>
                <Baseline points="172,332 202,334 232,336 262,338 292,338 322,338 352,338 382,338 412,338 442,338 472,334 502,332 532,330 562,332 592,332 622,330 652,330 682,330 712,330 742,330 772,330 802,330 832,330 862,328 892,330 922,328 952,328 982,330 1012,330 1042,330 1072,330 1102,332 1132,332"/>
                <Word id="tr_3_tl_4_w1" custom="readingOrder {index:0;}">
                    <Coords points="160,297 160,357 336,357 336,297"/>
                    <TextEquiv>
                        <Unicode>Kritik</Unicode>
                    </TextEquiv>
                </Word>
                <Word id="tr_3_tl_4_w2" custom="readingOrder {index:1;}">
                    <Coords points="375,298 375,358 465,358 465,298"/>
                    <TextEquiv>
                        <Unicode>über</Unicode>
                    </TextEquiv>
                </Word>
                <Word id="tr_3_tl_4_w3" custom="readingOrder {index:2;}">
                    <Coords points="484,291 484,351 706,351 706,291"/>
                    <TextEquiv>
                        <Unicode>»Michaul</Unicode>
                    </TextEquiv>
                </Word>
                <Word id="tr_3_tl_4_w4" custom="readingOrder {index:3;}">
                    <Coords points="754,288 754,348 966,348 966,288"/>
                    <TextEquiv>
                        <Unicode>Kramer«</Unicode>
                    </TextEquiv>
                </Word>
                <Word id="tr_3_tl_4_w5" custom="readingOrder {index:4;}">
                    <Coords points="995,290 995,350 1069,350 1069,290"/>
                    <TextEquiv>
                        <Unicode>ſoll</Unicode>
                    </TextEquiv>
                </Word>
                <Word id="tr_3_tl_4_w6" custom="readingOrder {index:5;}">
                    <Coords points="1088,292 1088,352 1120,352 1120,292"/>
                    <TextEquiv>
                        <Unicode>er</Unicode>
                    </TextEquiv>
                </Word>
                <TextEquiv>
                    <Unicode>Kritik über »Michael Kramer« ſoll er,</Unicode>
                </TextEquiv>
            </TextLine>
            <TextLine id="tr_3_tl_5" custom="readingOrder {index:3;}">
                <Coords points="143,410 326,456 502,405 598,443 763,412 910,451 1035,405 1133,420 1133,363 1022,353 821,393 778,364 536,395 143,364"/>
                <Baseline points="150,402 180,404 210,406 240,406 270,408 300,410 330,410 360,414 390,414 420,412 450,410 480,406 510,404 540,408 570,408 600,410 630,410 660,410 690,410 720,410 750,408 780,408 810,406 840,406 870,404 900,402 930,400 960,402 990,400 1020,400 1050,402 1080,402 1110,406 1134,406"/>
                <Word id="tr_3_tl_5_w1" custom="readingOrder {index:0;}">
                    <Coords points="140,365 140,425 270,425 270,365"/>
                    <TextEquiv>
                        <Unicode>wie</Unicode>
                    </TextEquiv>
                </Word>
                <Word id="tr_3_tl_5_w2" custom="readingOrder {index:1;}">
                    <Coords points="292,370 292,430 332,430 332,370"/>
                    <TextEquiv>
                        <Unicode>ich</Unicode>
                    </TextEquiv>
                </Word>
                <Word id="tr_3_tl_5_w3" custom="readingOrder {index:2;}">
                    <Coords points="372,371 372,431 477,431 477,371"/>
                    <TextEquiv>
                        <Unicode>höre,</Unicode>
                    </TextEquiv>
                </Word>
                <Word id="tr_3_tl_5_w4" custom="readingOrder {index:3;}">
                    <Coords points="517,366 517,426 539,426 539,366"/>
                    <TextEquiv>
                        <Unicode>–</Unicode>
                    </TextEquiv>
                </Word>
                <Word id="tr_3_tl_5_w5" custom="readingOrder {index:4;}">
                    <Coords points="568,369 568,429 873,429 873,369"/>
                    <TextEquiv>
                        <Unicode>Schadenfreude</Unicode>
                    </TextEquiv>
                </Word>
                <Word id="tr_3_tl_5_w6" custom="readingOrder {index:5;}">
                    <Coords points="906,360 906,420 1113,420 1113,360"/>
                    <TextEquiv>
                        <Unicode>gefunden</Unicode>
                    </TextEquiv>
                </Word>
                <TextEquiv>
                    <Unicode>wie ich höre, – Schadenfreude gefunden</Unicode>
                </TextEquiv>
            </TextLine>
            <TextEquiv>
                <Unicode>ich im Stande ſein werde, mich
darüber zu empören. In meiner
Kritik über »Michael Kramer« ſoll er,
wie ich höre, – Schadenfreude gefunden</Unicode>
            </TextEquiv>
        </TextRegion>
        <TextRegion id="tr_4" custom="readingOrder {index:1;}">
            <Coords points="160,430 1132,430 1132,654 160,654"/>
            <TextLine id="tr_4_tl_1" custom="readingOrder {index:0;}">
                <Coords points="158,518 474,496 661,528 729,495 931,537 1065,507 1066,444 159,453"/>
                <Baseline points="164,482 194,486 224,490 254,490 284,492 314,492 344,494 374,494 404,494 434,492 464,490 494,486 524,486 554,488 584,488 614,490 644,492 674,492 704,492 734,492 764,492 794,488 824,488 854,486 884,484 914,482 944,482 974,482 1004,480 1034,482 1064,484 1068,482"/>
                <Word id="tr_4_tl_1_w1" custom="readingOrder {index:0;}">
                    <Coords points="157,450 157,510 322,510 322,450"/>
                    <TextEquiv>
                        <Unicode>haben.</Unicode>
                    </TextEquiv>
                </Word>
                <Word id="tr_4_tl_1_w2" custom="readingOrder {index:1;}">
                    <Coords points="347,454 347,514 390,514 390,454"/>
                    <TextEquiv>
                        <Unicode>Es</Unicode>
                    </TextEquiv>
                </Word>
                <Word id="tr_4_tl_1_w3" custom="readingOrder {index:2;}">
                    <Coords points="420,451 420,511 468,511 468,451"/>
                    <TextEquiv>
                        <Unicode>iſt</Unicode>
                    </TextEquiv>
                </Word>
                <Word id="tr_4_tl_1_w4" custom="readingOrder {index:3;}">
                    <Coords points="507,451 507,511 779,511 779,451"/>
                    <TextEquiv>
                        <Unicode>intereſſant,</Unicode>
                    </TextEquiv>
                </Word>
                <Word id="tr_4_tl_1_w5" custom="readingOrder {index:4;}">
                    <Coords points="793,447 793,507 866,507 866,447"/>
                    <TextEquiv>
                        <Unicode>daß</Unicode>
                    </TextEquiv>
                </Word>
                <Word id="tr_4_tl_1_w6" custom="readingOrder {index:5;}">
                    <Coords points="915,441 915,501 1046,501 1046,441"/>
                    <TextEquiv>
                        <Unicode>dieſer</Unicode>
                    </TextEquiv>
                </Word>
                <TextEquiv>
                    <Unicode>haben. Es iſt intereſſant, daß dieſer</Unicode>
                </TextEquiv>
            </TextLine>
            <TextLine id="tr_4_tl_2" custom="readingOrder {index:1;} textStyle {offset:8; length:1;strikethrough:true;} gap {offset:8; length:0;} person {offset:10; length:14;}">
                <Coords points="158,606 512,563 669,606 838,575 930,619 1129,587 1128,539 1023,566 789,523 156,521"/>
                <Baseline points="164,556 194,558 224,562 254,562 284,564 314,564 344,566 374,564 404,564 434,566 464,562 494,562 524,562 554,562 584,566 614,568 644,568 674,570 704,570 734,572 764,570 794,570 824,570 854,570 884,570 914,572 944,572 974,572 1004,576 1034,578 1064,578 1094,578 1124,580 1132,582"/>
                <Word id="tr_4_tl_2_w1" custom="readingOrder {index:0;}">
                    <Coords points="153,522 153,582 325,582 325,522"/>
                    <TextEquiv>
                        <Unicode>feinſte</Unicode>
                    </TextEquiv>
                </Word>
                <Word id="tr_4_tl_2_w2" custom="readingOrder {index:1;}">
                    <Coords points="364,524 364,584 380,584 380,524"/>
                    <TextEquiv>
                        <Unicode>W</Unicode>
                    </TextEquiv>
                </Word>
                <Word id="tr_4_tl_2_w3" custom="readingOrder {index:2;}">
                    <Coords points="536,531 536,591 919,591 919,531"/>
                    <TextEquiv>
                        <Unicode>Menſchenkenner</Unicode>
                    </TextEquiv>
                </Word>
                <Word id="tr_4_tl_2_w4" custom="readingOrder {index:3;}">
                    <Coords points="959,538 959,598 1118,598 1118,538"/>
                    <TextEquiv>
                        <Unicode>gerade</Unicode>
                    </TextEquiv>
                </Word>
                <TextEquiv>
                    <Unicode>feinſte X Menſchenkenner gerade</Unicode>
                </TextEquiv>
            </TextLine>
            <TextLine id="tr_4_tl_3" custom="readingOrder {index:2;}">
                <Coords points="153,639 433,672 480,644 666,670 826,639 911,672 1050,643 1050,597 903,617 841,587 760,623 595,595 534,621 153,608"/>
                <Baseline points="160,626 190,630 220,632 250,634 280,634 310,636 340,638 370,640 400,640 430,640 460,642 490,642 520,642 550,640 580,642 610,642 640,644 670,644 700,644 730,642 760,642 790,640 820,640 850,638 880,638 910,636 940,638 970,638 1000,638 1030,638 1052,638"/>
                <Word id="tr_4_tl_3_w1" custom="readingOrder {index:0;}">
                    <Coords points="149,591 149,651 281,651 281,591"/>
                    <TextEquiv>
                        <Unicode>mich</Unicode>
                    </TextEquiv>
                </Word>
                <Word id="tr_4_tl_3_w2" custom="readingOrder {index:1;}">
                    <Coords points="315,600 315,660 512,660 512,600"/>
                    <TextEquiv>
                        <Unicode>weniger</Unicode>
                    </TextEquiv>
                </Word>
                <Word id="tr_4_tl_3_w3" custom="readingOrder {index:2;}">
                    <Coords points="568,604 568,664 730,664 730,604"/>
                    <TextEquiv>
                        <Unicode>kennt,</Unicode>
                    </TextEquiv>
                </Word>
                <Word id="tr_4_tl_3_w4" custom="readingOrder {index:3;}">
                    <Coords points="751,600 751,660 820,660 820,600"/>
                    <TextEquiv>
                        <Unicode>als</Unicode>
                    </TextEquiv>
                </Word>
                <Word id="tr_4_tl_3_w5" custom="readingOrder {index:4;}">
                    <Coords points="859,598 859,658 1028,658 1028,598"/>
                    <TextEquiv>
                        <Unicode>irgend</Unicode>
                    </TextEquiv>
                </Word>
                <TextEquiv>
                    <Unicode>mich weniger kennt, als irgend</Unicode>
                </TextEquiv>
            </TextLine>
            <TextEquiv>
                <Unicode>haben. Es iſt intereſſant, daß dieſer
feinſte X Menſchenkenner gerade
mich weniger kennt, als irgend</Unicode>
            </TextEquiv>
        </TextRegion>
        <TextRegion id="tr_2" custom="readingOrder {index:2;}">
            <Coords points="10,652 1072,652 1072,948 10,948"/>
            <TextLine id="tr_2_tl_1" custom="readingOrder {index:0;}">
                <Coords points="180,749 593,751 635,726 842,735 895,765 1017,730 1008,670 357,691 230,641 180,656"/>
                <Baseline points="186,702 216,708 246,712 276,714 306,714 336,716 366,718 396,718 426,716 456,716 486,716 516,714 546,712 576,712 606,710 636,710 666,710 696,710 726,712 756,712 786,712 816,712 846,712 876,710 906,712 936,714 966,716 996,716 1020,716"/>
                <Word id="tr_2_tl_1_w1" custom="readingOrder {index:0;}">
                    <Coords points="178,674 178,734 434,734 434,674"/>
                    <TextEquiv>
                        <Unicode>Jemand,</Unicode>
                    </TextEquiv>
                </Word>
                <Word id="tr_2_tl_1_w2" custom="readingOrder {index:1;}">
                    <Coords points="455,675 455,735 529,735 529,675"/>
                    <TextEquiv>
                        <Unicode>und</Unicode>
                    </TextEquiv>
                </Word>
                <Word id="tr_2_tl_1_w3" custom="readingOrder {index:2;}">
                    <Coords points="567,670 567,730 633,730 633,670"/>
                    <TextEquiv>
                        <Unicode>daß</Unicode>
                    </TextEquiv>
                </Word>
                <Word id="tr_2_tl_1_w4" custom="readingOrder {index:3;}">
                    <Coords points="670,672 670,732 823,732 823,672"/>
                    <TextEquiv>
                        <Unicode>gerade</Unicode>
                    </TextEquiv>
                </Word>
                <Word id="tr_2_tl_1_w5" custom="readingOrder {index:4;}">
                    <Coords points="861,673 861,733 989,733 989,673"/>
                    <TextEquiv>
                        <Unicode>dieſer</Unicode>
                    </TextEquiv>
                </Word>
                <TextEquiv>
                    <Unicode>Jemand, und daß gerade dieſer</Unicode>
                </TextEquiv>
            </TextLine>
            <TextLine id="tr_2_tl_2" custom="readingOrder {index:1;} person {offset:27; length:6;}">
                <Coords points="149,794 545,793 672,834 914,792 1001,840 1069,830 1069,761 936,739 656,770 149,749"/>
                <Baseline points="156,780 186,782 216,784 246,786 276,786 306,786 336,786 366,786 396,786 426,786 456,784 486,784 516,784 546,784 576,784 606,784 636,782 666,780 696,780 726,784 756,786 786,788 816,786 846,786 876,786 906,786 936,790 966,790 996,794 1026,796 1056,792 1072,794"/>
                <Word id="tr_2_tl_2_w1" custom="readingOrder {index:0;}">
                    <Coords points="145,746 145,806 629,806 629,746"/>
                    <TextEquiv>
                        <Unicode>bewundernswürdig</Unicode>
                    </TextEquiv>
                </Word>
                <Word id="tr_2_tl_2_w2" custom="readingOrder {index:1;}">
                    <Coords points="671,746 671,806 847,806 847,746"/>
                    <TextEquiv>
                        <Unicode>geſcheite</Unicode>
                    </TextEquiv>
                </Word>
                <Word id="tr_2_tl_2_w3" custom="readingOrder {index:2;}">
                    <Coords points="871,750 871,810 1026,810 1026,750"/>
                    <TextEquiv>
                        <Unicode>Menſch</Unicode>
                    </TextEquiv>
                </Word>
                <TextEquiv>
                    <Unicode>bewundernswürdig geſcheite Menſch</Unicode>
                </TextEquiv>
            </TextLine>
            <TextLine id="tr_2_tl_4" custom="readingOrder {index:2;}">
                <Coords points="169,895 314,862 580,869 656,905 731,868 790,900 851,867 1051,891 1032,834 169,827"/>
                <Baseline points="176,856 206,860 236,860 266,860 296,858 326,858 356,858 386,858 416,860 446,860 476,858 506,860 536,860 566,860 596,860 626,860 656,860 686,860 716,860 746,860 776,860 806,862 836,862 866,862 896,864 926,866 956,868 986,870 1016,870 1046,872 1054,872"/>
                <Word id="tr_2_tl_4_w1" custom="readingOrder {index:0;}">
                    <Coords points="165,819 165,879 238,879 238,819"/>
                    <TextEquiv>
                        <Unicode>ſo</Unicode>
                    </TextEquiv>
                </Word>
                <Word id="tr_2_tl_4_w2" custom="readingOrder {index:1;}">
                    <Coords points="277,818 277,878 404,878 404,818"/>
                    <TextEquiv>
                        <Unicode>dimm</Unicode>
                    </TextEquiv>
                </Word>
                <Word id="tr_2_tl_4_w3" custom="readingOrder {index:2;}">
                    <Coords points="478,820 478,880 568,880 568,820"/>
                    <TextEquiv>
                        <Unicode>über</Unicode>
                    </TextEquiv>
                </Word>
                <Word id="tr_2_tl_4_w4" custom="readingOrder {index:3;}">
                    <Coords points="622,820 622,880 702,880 702,820"/>
                    <TextEquiv>
                        <Unicode>mich</Unicode>
                    </TextEquiv>
                </Word>
                <Word id="tr_2_tl_4_w5" custom="readingOrder {index:4;}">
                    <Coords points="747,822 747,882 955,882 955,822"/>
                    <TextEquiv>
                        <Unicode>urtheilt.</Unicode>
                    </TextEquiv>
                </Word>
                <Word id="tr_2_tl_4_w6" custom="readingOrder {index:5;}">
                    <Coords points="977,830 977,890 1025,890 1025,830"/>
                    <TextEquiv>
                        <Unicode>Ich</Unicode>
                    </TextEquiv>
                </Word>
                <TextEquiv>
                    <Unicode>ſo dumm über mich urtheilt. Ich</Unicode>
                </TextEquiv>
            </TextLine>
            <TextLine id="tr_2_tl_5" custom="readingOrder {index:3;}">
                <Coords points="135,917 305,983 342,949 426,978 543,931 1032,947 1031,896 996,885 135,906"/>
                <Baseline points="142,914 172,920 202,924 232,926 262,930 292,930 322,930 352,934 382,934 412,934 442,934 472,932 502,930 532,930 562,930 592,930 622,930 652,932 682,932 712,930 742,930 772,930 802,930 832,930 862,932 892,932 922,934 952,934 982,936 1012,938 1034,938"/>
                <Word id="tr_2_tl_5_w1" custom="readingOrder {index:0;}">
                    <Coords points="131,884 131,944 291,944 291,884"/>
                    <TextEquiv>
                        <Unicode>werde</Unicode>
                    </TextEquiv>
                </Word>
                <Word id="tr_2_tl_5_w2" custom="readingOrder {index:1;}">
                    <Coords points="338,894 338,954 413,954 413,894"/>
                    <TextEquiv>
                        <Unicode>für</Unicode>
                    </TextEquiv>
                </Word>
                <Word id="tr_2_tl_5_w3" custom="readingOrder {index:2;}">
                    <Coords points="440,892 440,952 498,952 498,892"/>
                    <TextEquiv>
                        <Unicode>ihn</Unicode>
                    </TextEquiv>
                </Word>
                <Word id="tr_2_tl_5_w4" custom="readingOrder {index:3;}">
                    <Coords points="546,890 546,950 668,950 668,890"/>
                    <TextEquiv>
                        <Unicode>einen</Unicode>
                    </TextEquiv>
                </Word>
                <Word id="tr_2_tl_5_w5" custom="readingOrder {index:4;}">
                    <Coords points="702,892 702,952 1042,952 1042,892"/>
                    <TextEquiv>
                        <Unicode>Comenter¬</Unicode>
                    </TextEquiv>
                </Word>
                <TextEquiv>
                    <Unicode>werde für ihn einen Commentar</Unicode>
                </TextEquiv>
            </TextLine>
            <TextEquiv>
                <Unicode>Jemand, und daß gerade dieſer
bewundernswürdig geſcheite Menſch
ſo dumm über mich urtheilt. Ich
werde für ihn einen Commentar</Unicode>
            </TextEquiv>
        </TextRegion>
        <TextRegion id="tr_1" custom="readingOrder {index:3;}">
            <Coords points="8,944 1100,944 1100,1334 8,1334"/>
            <TextLine id="tr_1_tl_1" custom="readingOrder {index:0;}">
                <Coords points="142,1001 341,1055 703,1006 1061,1047 1061,976 1006,965 736,949 639,990 582,960 302,981 142,949"/>
                <Baseline points="148,994 178,996 208,1000 238,1002 268,1006 298,1006 328,1010 358,1010 388,1010 418,1006 448,1006 478,1006 508,1006 538,1004 568,1002 598,1004 628,1004 658,1004 688,1002 718,1002 748,1004 778,1002 808,1002 838,1004 868,1004 898,1004 928,1002 958,1006 988,1008 1018,1010 1048,1010 1064,1010"/>
                <Word id="tr_1_tl_1_w1" custom="readingOrder {index:0;}">
                    <Coords points="139,960 139,1020 285,1020 285,960"/>
                    <TextEquiv>
                        <Unicode>über</Unicode>
                    </TextEquiv>
                </Word>
                <Word id="tr_1_tl_1_w2" custom="readingOrder {index:1;}">
                    <Coords points="325,970 325,1030 408,1030 408,970"/>
                    <TextEquiv>
                        <Unicode>mich</Unicode>
                    </TextEquiv>
                </Word>
                <Word id="tr_1_tl_1_w3" custom="readingOrder {index:2;}">
                    <Coords points="451,963 451,1023 648,1023 648,963"/>
                    <TextEquiv>
                        <Unicode>ſchreiben.</Unicode>
                    </TextEquiv>
                </Word>
                <Word id="tr_1_tl_1_w4" custom="readingOrder {index:3;}">
                    <Coords points="680,962 680,1022 778,1022 778,962"/>
                    <TextEquiv>
                        <Unicode>Bitte</Unicode>
                    </TextEquiv>
                </Word>
                <Word id="tr_1_tl_1_w5" custom="readingOrder {index:4;}">
                    <Coords points="810,964 810,1024 908,1024 908,964"/>
                    <TextEquiv>
                        <Unicode>ſag’</Unicode>
                    </TextEquiv>
                </Word>
                <Word id="tr_1_tl_1_w6" custom="readingOrder {index:5;}">
                    <Coords points="932,967 932,1027 1019,1027 1019,967"/>
                    <TextEquiv>
                        <Unicode>ihm</Unicode>
                    </TextEquiv>
                </Word>
                <TextEquiv>
                    <Unicode>über mich ſchreiben. Bitte ſag’ ihm</Unicode>
                </TextEquiv>
            </TextLine>
            <TextLine id="tr_1_tl_3" custom="readingOrder {index:1;}">
                <Coords points="159,1081 259,1114 446,1091 509,1132 885,1092 1097,1116 1096,1040 857,1065 797,1027 714,1056 509,1039 373,1077 159,1043"/>
                <Baseline points="166,1074 196,1080 226,1084 256,1084 286,1086 316,1088 346,1090 376,1090 406,1090 436,1090 466,1088 496,1088 526,1086 556,1086 586,1086 616,1086 646,1088 676,1088 706,1088 736,1088 766,1088 796,1090 826,1090 856,1090 886,1090 916,1092 946,1092 976,1094 1006,1096 1036,1096 1066,1100 1096,1104 1100,1106"/>
                <Word id="tr_1_tl_3_w1" custom="readingOrder {index:0;}">
                    <Coords points="157,1044 157,1104 306,1104 306,1044"/>
                    <TextEquiv>
                        <Unicode>das,</Unicode>
                    </TextEquiv>
                </Word>
                <Word id="tr_1_tl_3_w2" custom="readingOrder {index:1;}">
                    <Coords points="322,1049 322,1109 347,1109 347,1049"/>
                    <TextEquiv>
                        <Unicode>–</Unicode>
                    </TextEquiv>
                </Word>
                <Word id="tr_1_tl_3_w3" custom="readingOrder {index:2;}">
                    <Coords points="372,1050 372,1110 451,1110 451,1050"/>
                    <TextEquiv>
                        <Unicode>und</Unicode>
                    </TextEquiv>
                </Word>
                <Word id="tr_1_tl_3_w4" custom="readingOrder {index:3;}">
                    <Coords points="488,1046 488,1106 550,1106 550,1046"/>
                    <TextEquiv>
                        <Unicode>daß</Unicode>
                    </TextEquiv>
                </Word>
                <Word id="tr_1_tl_3_w5" custom="readingOrder {index:4;}">
                    <Coords points="592,1046 592,1106 630,1106 630,1046"/>
                    <TextEquiv>
                        <Unicode>ich</Unicode>
                    </TextEquiv>
                </Word>
                <Word id="tr_1_tl_3_w6" custom="readingOrder {index:5;}">
                    <Coords points="662,1048 662,1108 721,1108 721,1048"/>
                    <TextEquiv>
                        <Unicode>ihn</Unicode>
                    </TextEquiv>
                </Word>
                <Word id="tr_1_tl_3_w7" custom="readingOrder {index:6;}">
                    <Coords points="754,1049 754,1109 828,1109 828,1049"/>
                    <TextEquiv>
                        <Unicode>ſehr</Unicode>
                    </TextEquiv>
                </Word>
                <Word id="tr_1_tl_3_w8" custom="readingOrder {index:7;}">
                    <Coords points="878,1054 878,1114 1081,1114 1081,1054"/>
                    <TextEquiv>
                        <Unicode>vermiſſe</Unicode>
                    </TextEquiv>
                </Word>
                <TextEquiv>
                    <Unicode>das, – und daß ich ihn ſehr vermiſſe</Unicode>
                </TextEquiv>
            </TextLine>
            <TextLine id="tr_1_tl_4" custom="readingOrder {index:2;}">
                <Coords points="161,1170 271,1167 350,1209 414,1168 1091,1182 1074,1128 494,1148 161,1109"/>
                <Baseline points="168,1160 198,1162 228,1162 258,1164 288,1166 318,1166 348,1168 378,1168 408,1168 438,1168 468,1168 498,1166 528,1166 558,1164 588,1164 618,1164 648,1166 678,1166 708,1166 738,1166 768,1164 798,1166 828,1166 858,1166 888,1164 918,1166 948,1168 978,1168 1008,1168 1038,1168 1068,1168 1094,1170"/>
                <Word id="tr_1_tl_4_w1" custom="readingOrder {index:0;}">
                    <Coords points="157,1122 157,1182 282,1182 282,1122"/>
                    <TextEquiv>
                        <Unicode>und</Unicode>
                    </TextEquiv>
                </Word>
                <Word id="tr_1_tl_4_w2" custom="readingOrder {index:1;}">
                    <Coords points="302,1127 302,1187 365,1187 365,1127"/>
                    <TextEquiv>
                        <Unicode>daß</Unicode>
                    </TextEquiv>
                </Word>
                <Word id="tr_1_tl_4_w3" custom="readingOrder {index:2;}">
                    <Coords points="395,1128 395,1188 427,1188 427,1128"/>
                    <TextEquiv>
                        <Unicode>ich</Unicode>
                    </TextEquiv>
                </Word>
                <Word id="tr_1_tl_4_w4" custom="readingOrder {index:3;}">
                    <Coords points="473,1126 473,1186 553,1186 553,1126"/>
                    <TextEquiv>
                        <Unicode>viel</Unicode>
                    </TextEquiv>
                </Word>
                <Word id="tr_1_tl_4_w5" custom="readingOrder {index:4;}">
                    <Coords points="596,1126 596,1186 727,1186 727,1126"/>
                    <TextEquiv>
                        <Unicode>damm</Unicode>
                    </TextEquiv>
                </Word>
                <Word id="tr_1_tl_4_w6" custom="readingOrder {index:5;}">
                    <Coords points="777,1126 777,1186 893,1186 893,1126"/>
                    <TextEquiv>
                        <Unicode>gäbe,</Unicode>
                    </TextEquiv>
                </Word>
                <Word id="tr_1_tl_4_w7" custom="readingOrder {index:6;}">
                    <Coords points="916,1128 916,1188 1067,1188 1067,1128"/>
                    <TextEquiv>
                        <Unicode>könnte</Unicode>
                    </TextEquiv>
                </Word>
                <TextEquiv>
                    <Unicode>und daß ich viel darum gäbe, könnte</Unicode>
                </TextEquiv>
            </TextLine>
            <TextLine id="tr_1_tl_6" custom="readingOrder {index:3;}">
                <Coords points="181,1264 240,1237 740,1244 920,1282 983,1257 981,1199 939,1193 646,1228 502,1200 332,1225 180,1192"/>
                <Baseline points="186,1228 216,1230 246,1232 276,1236 306,1240 336,1240 366,1238 396,1240 426,1240 456,1238 486,1238 516,1236 546,1234 576,1234 606,1234 636,1236 666,1238 696,1240 726,1240 756,1242 786,1242 816,1242 846,1242 876,1244 906,1246 936,1248 966,1250 986,1250"/>
                <Word id="tr_1_tl_6_w1" custom="readingOrder {index:0;}">
                    <Coords points="177,1190 177,1250 261,1250 261,1190"/>
                    <TextEquiv>
                        <Unicode>ich</Unicode>
                    </TextEquiv>
                </Word>
                <Word id="tr_1_tl_6_w2" custom="readingOrder {index:1;}">
                    <Coords points="287,1200 287,1260 346,1260 346,1200"/>
                    <TextEquiv>
                        <Unicode>ihn</Unicode>
                    </TextEquiv>
                </Word>
                <Word id="tr_1_tl_6_w3" custom="readingOrder {index:2;}">
                    <Coords points="379,1198 379,1258 544,1258 544,1198"/>
                    <TextEquiv>
                        <Unicode>immer</Unicode>
                    </TextEquiv>
                </Word>
                <Word id="tr_1_tl_6_w4" custom="readingOrder {index:3;}">
                    <Coords points="592,1194 592,1254 632,1254 632,1194"/>
                    <TextEquiv>
                        <Unicode>in</Unicode>
                    </TextEquiv>
                </Word>
                <Word id="tr_1_tl_6_w5" custom="readingOrder {index:4;}">
                    <Coords points="662,1201 662,1261 820,1261 820,1201"/>
                    <TextEquiv>
                        <Unicode>meiner</Unicode>
                    </TextEquiv>
                </Word>
                <Word id="tr_1_tl_6_w6" custom="readingOrder {index:5;}">
                    <Coords points="849,1206 849,1266 966,1266 966,1206"/>
                    <TextEquiv>
                        <Unicode>Nähe</Unicode>
                    </TextEquiv>
                </Word>
                <TextEquiv>
                    <Unicode>ich ihn immer in meiner Nähe</Unicode>
                </TextEquiv>
            </TextLine>
            <TextLine id="tr_1_tl_8" custom="readingOrder {index:4;}">
                <Coords points="208,1373 247,1347 266,1348 291,1326 309,1332 324,1325 340,1335 356,1325 374,1326 369,1273 328,1279 320,1288 298,1280 287,1290 263,1290 235,1277 228,1284 197,1278"/>
                <Baseline points="208,1306 238,1312 268,1318 298,1322 328,1324 358,1324 376,1324"/>
                <Word id="tr_1_tl_8_w1" custom="readingOrder {index:0;}">
                    <Coords points="194,1280 194,1340 379,1340 379,1280"/>
                    <TextEquiv>
                        <Unicode>haben.</Unicode>
                    </TextEquiv>
                </Word>
                <TextEquiv>
                    <Unicode>haben.</Unicode>
                </TextEquiv>
            </TextLine>
            <TextEquiv>
                <Unicode>über mich ſchreiben. Bitte ſag’ ihm
das, – und daß ich ihn ſehr vermiſſe
und daß ich viel darum gäbe, könnte
ich ihn immer in meiner Nähe
haben.</Unicode>
            </TextEquiv>
        </TextRegion>
    </Page>
</PcGts>
