3971 5852
1832 610 2198 670 Frankfurt
2252 610 2313 670 a.
2347 612 2496 672 M.,
2544 612 2727 672 22.
2762 612 3060 672 Aober
3202 613 3487 673 1899.

701 1493 1082 1553 Mein
1178 1507 1485 1567 lieber
1602 1510 2048 1570 Freund,

393 1917 661 1977 Mit
753 1925 888 1985 der
1001 1932 1289 1992 Neun
1393 1941 1763 2001 Freien
1867 1946 2186 2006 Preſſe«
2278 1948 2382 2008 iſt
2464 1948 2526 2008 es
2609 1945 2794 2005 alſo
2928 1941 3124 2001 aoch

375 2143 926 2203 Sielmiae
1000 2162 1355 2222 nichts.
1476 2168 1944 2228 Nachdem
2084 2164 2242 2224 die
2346 2160 3027 2220 Herausgeber
3140 2158 3345 2218 noch

393 2371 550 2431 ſo
635 2368 1107 2428 hurchtbar
1190 2370 1779 2430 gedrängt,
1873 2381 2617 2441 telegraphirte
2702 2387 2796 2447 ich
2933 2390 3216 2450 ſofort

342 2588 666 2648 nach
760 2596 1252 2656 meiien
1450 2594 2026 2654 Eintreffer
2131 2590 2235 2650 in
2319 2588 2926 2648 Fraukfurt
3093 2593 3176 2653 ich
3271 2598 3386 2658 ſei

459 2801 1018 2861 bereit,
1056 2808 1192 2868 am
1308 2809 1376 2869 1.
1444 2808 1820 2868 Jänier
1974 2805 2081 2865 in
2254 2802 2612 2862 Berlin
2718 2800 3481 2860 anzutreten.

388 3014 879 3074 zugleich
994 3019 1274 3079 ſetzte
1437 3021 1553 3081 ich
1659 3022 2121 3082 brieflich
2257 3022 2633 3082 merne
2738 3021 3461 3081 enateriellen

399 3227 1320 3287 Beringurgen
1475 3242 2325 3302 auseinauder.
2489 3239 2960 3299 Geſtern

361 3443 768 3503 erhielt
913 3456 1018 3516 ich
1154 3460 1394 3520 wun
1508 3459 1676 3519 ein
1842 3452 2437 3512 Telegraum
2582 3448 2729 3508 der
2833 3454 3542 3514 Herausgeber

353 3664 555 3724 der
688 3662 933 3722 7.
963 3662 1187 3722 Fr.
1258 3664 1512 3724 Pe.,
1615 3670 2042 3730 worin
2144 3675 2296 3735 ſie
2500 3680 2744 3740 mur
2897 3682 3528 3742 nittheilten

391 3875 635 3935 daß
772 3879 899 3939 ſie
1035 3882 1417 3942 meiie
1623 3888 2493 3948 eateriellen
2610 3892 3432 3952 Berlingungen

408 4096 775 4156 wohl
878 4102 1614 4162 accepliren
1836 4104 2503 4164 würden,
2615 4104 2821 4164 daß
3008 4106 3308 4166 aber

363 4303 581 4363 die
685 4320 1419 4380 Nachrichten
1560 4323 2076 4383 ünbezug
2230 4318 2424 4378 auf
2578 4318 3440 4378 Frischauers,

348 4544 1038 4604 lückkehr
1144 4558 1370 4618 nach
1502 4553 1846 4613 Paris
1942 4544 2192 4604 jetzt
2371 4538 2846 4598 wieder
3049 4550 3275 4610 ſehr

355 4750 1157 4810 ungünſtig
1274 4754 2028 4814 lauteten.
2125 4746 2566 4806 Zugleich
2731 4742 3182 4802 würde

409 4955 718 5015 mir
899 4970 1829 5030 vorgeſchlagen,
1968 4961 2179 5021 für
2318 4958 2489 5018 die
2598 4956 2998 5016 Ner.
3118 4960 3258 5020 Jr
