1208 1442
54 157 161 217 Aber
183 168 218 228 er
244 170 323 230 ſagt
345 174 418 234 mir
443 176 573 236 nichts.
592 190 763 250 Warum
782 208 1042 268 lebendig«?

51 234 535 294 Warum-Stundin«?
559 239 641 299 Und
671 254 802 314 Worte
824 267 915 327 ohne
939 275 1043 335 Sin

59 287 203 347 Sunm
228 295 267 355 zu
302 294 518 354 gebrauhen
550 301 648 361 blas
670 312 783 372 weil
829 326 889 386 ſie
914 336 1012 396 ſbun

58 350 270 410 blingen,
280 356 319 416 iſt
367 356 447 416 doch
471 361 555 421 gar
576 367 614 427 zu
649 390 1062 450 Hoffmannithulisch

158 419 232 479 Ich
253 420 306 480 ſah
327 427 475 487 neulich
506 438 688 498 »Einſame
710 456 896 516 Menſchen
936 481 996 541 un

59 474 171 534 war
189 485 275 545 pair
322 493 416 553 über
438 496 492 556 die
525 507 901 567 Talentloſigkeit.
926 536 973 596 Ich

84 539 243 599 bgich
263 546 353 606 zuch
382 553 463 613 dicht
482 558 551 618 daß
592 564 641 624 She
661 574 781 634 diecſen
811 597 1030 657 Meiſchen

68 591 175 651 auch
191 602 272 662 mir
314 613 453 673 einen
486 626 707 686 Augeblck
757 645 872 705 ernſt
905 663 1052 723 dohmen

81 656 240 716 könnt.

156 712 250 772 Ein
264 718 322 778 ſehr
344 725 449 785 ſchöe
471 737 620 797 ſchönes
671 747 768 807 Stück
808 756 877 816 iſt,
888 760 957 820 die

76 784 322 844 Hofhnung«
374 794 461 854 non
507 809 788 869 Heyermans,
830 817 927 877 der

67 848 306 908 Verfäſſer
339 857 396 917 ein
416 862 532 922 Jude,
545 864 569 924 –
588 872 731 932 reichen
758 880 987 940 Rhadens¬

58 911 195 971 Sohn.
217 919 282 979 die
301 927 495 987 Berliner
532 939 673 999 Kritik
723 945 791 1005 hat
810 951 876 1011 das
907 962 1001 1022 Stück

58 990 326 1050 verriſſen,
349 995 372 1055 –
408 1004 532 1064 Allen
572 1012 716 1072 van
781 1019 918 1079 Kerr,
938 1034 1013 1094 der

53 1051 154 1111 doch
175 1060 217 1120 zu
244 1065 367 1125 Zeiten
398 1077 680 1137 enervirend
735 1100 1027 1160 verſtändnit

57 1124 128 1184 iſ.

160 1187 285 1247 Was
314 1200 481 1260 Geumes
505 1214 714 1274 anlangt,
728 1224 762 1284 ſo
808 1232 877 1292 bin
919 1234 961 1294 ich

58 1249 178 1309 nicht
200 1265 406 1325 beleidigt,
425 1283 571 1343 ſondern
612 1296 825 1356 erbittert.
853 1300 894 1360 Ih
