3746 4562
515 569 749 629 Du
852 581 1292 641 müßteſt
1368 587 1536 647 fort
1592 589 1751 649 aus
1873 592 2230 652 Wien,
2276 595 2342 655 ſo
2426 597 2651 657 raſch
2745 603 2885 663 als
2978 612 3344 672 wöglich

577 736 788 796 ein
863 739 1098 799 paar
1242 742 1552 802 Wochen
1627 742 1998 802 reiſen.
2104 744 2520 804 Koimir’
2558 750 2740 810 auf
2868 764 3208 824 einige

537 902 832 962 Tage
913 910 1128 970 nach
1181 907 1889 967 Frankfurt!
1942 899 2175 959 Wen
2265 898 2551 958 nicht,
2667 905 2721 965 ſo
2829 917 3043 977 gehe

500 1067 894 1127 anders
928 1079 1306 1139 wohin,
1373 1085 1391 1145 –
1483 1075 2164 1135 irgendwohen,
2256 1066 2382 1126 wo
2474 1060 2567 1120 Du
2752 1066 3323 1126 Geſellſchaft

518 1243 845 1303 haſt.
912 1237 1181 1297 Alern
1264 1231 1566 1291 reiſen
1726 1228 2172 1288 dürfteſt
2289 1228 2407 1288 Du
2499 1228 2633 1288 au
2801 1229 3128 1289 nicht.

1039 1446 1458 1506 Bitte,
1526 1457 1818 1517 lieber
1931 1462 2403 1522 Freurd,
2500 1460 2853 1520 ſchreib’
2912 1457 3159 1517 mir

524 1597 877 1657 bald
967 1617 1335 1677 einmal
1501 1623 2041 1683 werigſtens
2154 1621 2357 1681 eine
2530 1619 2845 1679 Zeile,
2890 1622 2898 1682 d
3055 1632 3378 1692 darmt

468 1757 655 1817 ich
741 1780 1097 1840 weiß,
1220 1766 1407 1826 wie
1502 1768 1586 1828 es
1709 1774 1859 1834 Dir
2009 1785 2263 1845 geht.
2375 1795 2441 1855 Es
2508 1802 2827 1862 braucht
2958 1805 3165 1865 nicht
3250 1800 3400 1860 vel

467 1947 626 2007 zu
717 1942 907 2002 ſein
1051 1939 1066 1999 –
1143 1939 1302 1999 nur
1454 1940 1599 2000 ein
1744 1954 2556 2014 Leberszeihen.

913 2121 1219 2181 Mit
1298 2138 1612 2198 meine
1805 2151 2318 2211 Schwager
2490 2156 2676 2216 habe
2797 2159 2890 2219 ich
3011 2165 3204 2225 über

524 2281 967 2341 einiges
1137 2308 1902 2368 Merdiziriſche
1996 2327 2648 2387 geſprohen.
2733 2332 2800 2392 Er
2884 2332 3252 2392 meint

462 2456 611 2516 ob
753 2460 843 2520 es
917 2465 1156 2525 denn
1224 2468 1448 2528 nicht
1604 2474 2000 2534 wöglich
2104 2477 2612 2537 geweſen
2746 2481 3141 2541 wäre,

465 2626 735 2686 noch
841 2636 983 2696 ein
1161 2641 1722 2701 Operation
1844 2641 1914 2701 zu
2092 2641 2746 2701 verſuchen?
2909 2655 3151 2715 Dein

491 2818 1158 2878 Ohrenlerden
1242 2822 1445 2882 aber
1521 2819 1741 2879 kann
1791 2817 1858 2877 er
1960 2815 2070 2875 ſich
2146 2812 2525 2872 abſolut
2644 2810 2872 2870 nicht
3007 2817 3269 2877 ent¬

481 2983 1017 3043 ſchließen
1071 2998 2004 3058 ernſtzunghmen.
2080 2998 2154 3058 Er
2208 2995 2348 3055 hat
2412 2991 2552 3051 ſich
2658 2985 2851 3045 viel
2970 2976 3185 3036 mit

473 3161 884 3221 dieſen
969 3190 1389 3250 Diegen
1500 3188 2109 3248 beſchäftigt
2195 3172 2341 3232 und
2435 3158 2881 3218 vernag
3019 3148 3130 3208 on

471 3338 802 3398 allen
924 3370 1730 3430 Symptomen,
1808 3359 1951 3419 die
2040 3353 2150 3413 ich
2228 3346 2393 3406 ihm
2493 3338 3045 3398 ſhildere,

476 3504 753 3564 nichts
873 3536 1427 3596 Bedenkliches
1497 3544 1576 3604 zu
1705 3545 2251 3605 entlecken.
2330 3546 2468 3606 Er,
2519 3552 2846 3612 meine
2925 3577 3381 3637 Schweſter

488 3708 709 3768 und
815 3715 1105 3775 mein
1220 3716 1597 3776 Onkel,
1635 3718 1886 3778 denrn
1964 3719 2040 3779 ich
2136 3723 2291 3783 eon
2339 3730 2561 3790 Dem
2706 3760 3178 3820 Schläge,
3207 3794 3323 3854 der

495 3884 789 3944 Dich
842 3909 1313 3969 betroffen
1461 3917 2059 3977 Mittſelung
2154 3920 2552 3980 genacht
2658 3937 2941 3997 habe,
2994 3974 3392 4034 nehmen

579 4091 1160 4151 warmn
1252 4093 1600 4153 Antheil
1722 4096 1849 4156 an
1962 4104 2374 4164 Deinen
2517 4138 3127 4198 Schwerze¬
