1209 1436
37 214 328 274 uſammen
349 220 442 280 ſein
488 225 665 285 willſt,
682 230 733 290 ſo
775 236 906 296 mußt
927 246 986 306 Du

40 289 154 349 mir
207 298 710 358 entgegenkommen.
730 309 837 369 Das
860 326 987 386 heißt

424 331 615 391 Kämtfen
630 341 710 401 odet

46 374 207 434 alſo:
233 382 329 442 Gehſt
349 380 395 440 Du
431 378 537 438 nach
582 387 719 447 Purd
785 396 907 456 nach

40 468 300 528 Südtirol
359 460 664 520 womöglich,
695 472 736 532 ſo
776 486 982 546 werden

39 529 161 589 mir
219 542 512 602 ausſehen.
566 550 751 610 Wenn
773 562 895 622 rich

42 607 211 667 nicht,
223 618 265 678 ſo
304 626 468 686 werde
494 627 540 687 ich
574 636 797 696 diesmal
832 651 1038 711 meinen

65 694 274 754 Urlaut
322 702 375 762 in
431 718 685 778 Öſterreich
730 735 1061 795 verbringen.

55 768 192 828 ohne
231 780 325 840 Dir
359 789 422 849 die
462 802 594 862 Hand
647 806 853 866 drucken
897 830 1001 890 zu¬

51 853 304 913 können,
317 866 405 926 und
449 870 538 930 das
614 877 760 937 wird
832 890 924 950 ſehr

43 925 283 985 traung
316 942 423 1002 ſein
470 939 535 999 Im
575 952 769 1012 Übrigen
808 966 952 1026 denke

58 984 144 1044 ich
188 1008 332 1068 and.
360 1016 432 1076 Hho
462 1022 606 1082 zem
634 1034 750 1094 ſail
793 1046 1011 1106 Hliblch,

44 1087 475 1147 miteinander.
504 1111 722 1171 Gewiß,
737 1118 789 1178 ich
829 1131 978 1191 wurd

70 1166 204 1226 fuch
233 1177 338 1237 nicht
357 1186 531 1246 ſtören.
560 1199 670 1259 Aber
699 1207 783 1267 ſoll
813 1214 858 1274 ich
887 1227 986 1287 nur

82 1259 198 1319 das
229 1274 426 1334 anthun,
438 1282 482 1342 ich
524 1312 874 1372 Einſamer,
