1143 1439
627 135 892 195 btssaueretensst
915 136 948 196 19.

64 213 214 273 Lidie,
232 227 307 287 23.
318 242 509 302 Depemeber.

170 345 354 405 Mein
377 352 491 412 lieber
511 352 695 412 Freund,

81 431 176 491 Ich
201 449 296 509 fahre
313 450 396 510 heut
429 449 590 509 Mittag
615 449 702 509 nach
723 453 1017 513 Frankfurt.

72 522 236 582 Wenn
254 522 297 582 Du
337 522 579 582 gekommen
599 526 824 586 wäreſt,
838 527 876 587 ſo
913 534 1054 594 wäre

59 584 137 644 ich
156 586 231 646 erſt
246 587 414 647 morgen
441 588 675 648 gefahren.
702 590 753 650 Ich
780 596 960 656 bedaue

61 658 326 718 unendlich,
343 658 404 718 daß
442 661 482 721 ich
503 661 573 721 Dich
599 657 690 717 jetzt
716 660 811 720 nicht
846 663 967 723 ſehen

71 728 254 788 kann.

116 794 275 854 Was
299 794 343 854 Du
363 794 445 854 mir
475 793 570 853 aber
600 796 689 856 Olze
719 800 895 860 ſchreibſt,
906 798 956 858 iſt

70 854 187 914 ſehr
209 866 436 926 erfreulich
473 863 558 923 auch
580 865 646 925 für
672 863 782 923 mich,
807 860 925 920 weil
951 861 987 921 es

77 928 211 988 ja,
223 936 321 996 wie
345 928 392 988 ich
419 930 584 990 weiß,
612 928 750 988 Euren
785 926 1033 986 Winiſchen

55 997 304 1057 entſpricht.
330 996 377 1056 Ich
423 998 616 1058 münſche
636 999 712 1059 von
729 1000 921 1060 Herzen,
935 1010 1004 1070 daß

64 1065 158 1125 die
183 1069 372 1129 kritiſche
397 1070 481 1130 Zeit
539 1067 850 1127 vorübergehen
879 1076 1010 1136 möge

62 1135 189 1195 ohne
213 1139 231 1199 X
349 1137 569 1197 allzuuel
617 1134 783 1194 Leiden
843 1144 945 1204 und

544 1156 646 1216 Dene

66 1202 395 1262 Aufregung.
556 1206 713 1266 (daß
748 1202 803 1262 ſich
818 1204 862 1264 in
885 1210 991 1270 Euer
441 1216 500 1276 Tho

80 1274 267 1334 Lerder
304 1277 430 1337 Taben
465 1278 658 1338 Manches
699 1280 971 1340 freundlicher

178 90 1067 434 Bitte, ſchreib’ mir nach Frankfurt: Reuterweg 59,
302 52 699 268 bei Dr. Rosengart.
