1145 1437
644 158 927 218 Gtssauenetensse
949 158 989 218 1s.

470 196 474 256 Oſt)
67 190 236 250 Berein,
246 190 310 250 18.
324 195 452 255 Febrer

207 324 351 384 Mein
369 333 462 393 lieber
495 335 654 395 Freund,

69 417 140 477 Ich
165 427 246 487 war
300 430 430 490 Freitag
452 436 493 496 bei
533 441 642 501 Mirai
670 446 758 506 Ge.,
767 451 814 511 ehn
826 455 867 515 ſie
889 456 939 516 ins
957 461 1073 521 Sann¬

65 496 223 556 torime
244 500 353 560 ging.
381 506 503 566 Seither
524 511 616 571 keine
651 520 798 580 Nachricht.
819 522 879 582 Auch
893 522 924 582 ich
934 523 1050 583 verſtehe

64 560 201 620 abſolut
228 563 324 623 nicht,
338 565 423 625 was
441 568 481 628 ſie
517 573 589 633 hat,
610 577 662 637 bin
683 578 753 638 aber
773 582 823 642 fſt
861 585 1027 645 überzeugt

55 613 128 673 daß
161 619 182 679 es
201 625 267 685 nicht
307 631 465 691 Neurzljie
492 635 560 695 ſein
598 638 706 698 kann.
725 639 788 699 Das
809 645 875 705 amm
923 651 1037 711 Mädel

52 672 105 732 iſt
120 680 170 740 ſehr
204 688 557 748 heruntugokommen.
587 696 625 756 Ich
641 700 697 760 habe
716 702 842 762 immer
899 704 952 764 um

58 747 347 807 Klutkrankheit
394 759 621 819 vermuthet,
634 761 693 821 und
715 761 777 821 aus
793 762 852 822 den
874 763 1001 823 vagen

54 803 391 863 Andentungen,
397 811 435 871 die
476 821 624 881 Ranien
668 826 827 886 gemacht
841 826 873 886 zu
912 832 1013 892 habn

49 857 188 917 ſcheint
222 865 290 925 höre
316 866 350 926 ich
372 869 486 929 etwas
520 874 585 934 wie
605 876 671 936 eine
716 883 937 943 Beſtätigung
954 897 1074 957 heraus

61 933 487 993 (Blutzerſetzung?).
498 938 537 998 Ich
558 940 654 1000 kann
676 945 711 1005 zu
761 951 914 1011 Kenvis
960 958 1046 1018 nicht

74 1000 251 1060 gehen.
270 1005 285 1065 À
335 1007 408 1067 Pul
439 1009 569 1069 titre?
620 1011 704 1071 Aber
719 1015 754 1075 ich
781 1020 854 1080 hoffe
873 1024 946 1084 doch
965 1029 1034 1089 noch

66 1062 193 1122 einen
212 1070 301 1130 Weg
316 1076 353 1136 zu
391 1080 522 1140 finden
555 1083 623 1143 um
649 1092 735 1152 mich
764 1095 802 1155 en
817 1101 1060 1161 nedizunſcher

67 1127 218 1187 Quelle
234 1137 268 1197 zu
288 1146 499 1206 infomiren.

211 1209 313 1269 Daß
337 1215 378 1275 Du
402 1217 466 1277 den
497 1221 592 1281 Plan
609 1229 670 1289 haſt
708 1242 967 1302 herzukommen
997 1256 1038 1316 iſt

70 1281 200 1341 ſehr
223 1290 334 1350 ſchön!
384 1292 433 1352 Ich
449 1295 544 1355 hoffe,
567 1297 606 1357 Du
648 1302 747 1362 führſt
763 1307 809 1367 ihn
836 1311 942 1371 aus.
