<?xml version="1.0" encoding="UTF-8" standalone="yes"?>
<PcGts xmlns="http://schema.primaresearch.org/PAGE/gts/pagecontent/2013-07-15" xmlns:xsi="http://www.w3.org/2001/XMLSchema-instance" xsi:schemaLocation="http://schema.primaresearch.org/PAGE/gts/pagecontent/2013-07-15 http://schema.primaresearch.org/PAGE/gts/pagecontent/2013-07-15/pagecontent.xsd">
    <Metadata>
        <Creator>prov=READ-COOP:name=PyLaia@TranskribusPlatform:version=1.2.0:model_id=49503:lm=none:date=15_02_2023_10:06</Creator>
        <Created>2022-04-04T16:26:03.446+02:00</Created>
        <LastChange>2023-03-15T09:19:05.989+01:00</LastChange>
        <TranskribusMetadata docId="962554" pageId="37299538" pageNr="115" tsid="116841180" status="IN_PROGRESS" userId="64420" imgUrl="https://files.transkribus.eu/Get?id=GCWDLCISQPVKJXOQIBXHZXHW&amp;fileType=view" xmlUrl="https://files.transkribus.eu/Get?id=OBOOUNVVSNMXVZVHSRSWJUIA" imageId="30076579"/>
    </Metadata>
    <Page imageFilename="DLA_1901_00115 DLA_85.1.3171_00095.jpg" imageWidth="1141" imageHeight="1433">
        <ReadingOrder>
            <OrderedGroup id="ro_1687340687882" caption="Regions reading order">
                <RegionRefIndexed index="0" regionRef="TextRegion_1678867591601_259"/>
            </OrderedGroup>
        </ReadingOrder>
        <TextRegion id="TextRegion_1678867591601_259" custom="readingOrder {index:0;}">
            <Coords points="68,149 686,117 997,117 1005,149 1064,428 1064,692 1060,1053 1031,1328 57,1328 57,1031 60,685"/>
            <TextLine id="tr_3_tl_1" custom="readingOrder {index:0;} structure {type:paragraph;} place {offset:0; length:18;} pre-print {offset:0; length:18;} letter-begin {offset:0; length:0;}">
                <Coords points="679,176 993,180 993,140 967,134 878,145 791,131 742,148 679,146"/>
                <Baseline points="686,167 714,167 743,167 771,167 800,167 828,167 857,167 885,167 914,167 942,167 971,167 997,169"/>
                <Word id="tr_3_tl_1_w1" custom="readingOrder {index:0;}">
                    <Coords points="672,127 672,187 940,187 940,127"/>
                    <TextEquiv>
                        <Unicode>Gtsealenetensse</Unicode>
                    </TextEquiv>
                </Word>
                <Word id="tr_3_tl_1_w2" custom="readingOrder {index:1;}">
                    <Coords points="963,127 963,187 1003,187 1003,127"/>
                    <TextEquiv>
                        <Unicode>19.</Unicode>
                    </TextEquiv>
                </Word>
                <TextEquiv>
                    <Unicode>Dessauerstrasse 19</Unicode>
                </TextEquiv>
            </TextLine>
            <TextLine id="line_1678867597221_265" custom="readingOrder {index:1;} structure {type:paragraph;} dateline {offset:0; length:21;} opener {offset:0; length:21; continued:true;} place {offset:0; length:6;} date {offset:8; length:12;}">
                <Coords points="60,161 419,156 511,200 682,190 682,259 641,228 337,216 223,258 63,206"/>
                <Baseline points="68,199 96,201 125,203 153,203 182,205 210,207 239,207 267,209 296,209 324,209 353,209 382,212 410,216 439,220 467,218 496,220 524,220 553,222 581,222 610,224 638,226 667,226 682,227"/>
                <Word id="word_1678867597304_268" custom="readingOrder {index:0;}">
                    <Coords points="672,196 682,196 682,256 672,256"/>
                    <TextEquiv>
                        <Unicode>)90.</Unicode>
                    </TextEquiv>
                </Word>
                <Word id="tr_4_tl_1_w1" custom="readingOrder {index:1;}">
                    <Coords points="57,163 57,223 255,223 255,163"/>
                    <TextEquiv>
                        <Unicode>Berlin,</Unicode>
                    </TextEquiv>
                </Word>
                <Word id="tr_4_tl_1_w2" custom="readingOrder {index:2;}">
                    <Coords points="263,169 263,229 359,229 359,169"/>
                    <TextEquiv>
                        <Unicode>23.</Unicode>
                    </TextEquiv>
                </Word>
                <Word id="tr_4_tl_1_w3" custom="readingOrder {index:3;}">
                    <Coords points="374,180 374,240 649,240 649,180"/>
                    <TextEquiv>
                        <Unicode>November.</Unicode>
                    </TextEquiv>
                </Word>
                <TextEquiv>
                    <Unicode>Berlin, 23. November.</Unicode>
                </TextEquiv>
            </TextLine>
            <TextLine id="tr_4_tl_2" custom="readingOrder {index:2;} salute {offset:0; length:19;} opener {offset:0; length:19; continued:true;}">
                <Coords points="156,324 299,343 345,324 727,333 726,293 676,310 599,265 472,303 156,272"/>
                <Baseline points="163,319 191,317 220,323 248,323 277,323 305,323 334,323 363,326 391,324 420,326 448,326 477,328 505,328 534,328 562,330 591,330 619,330 648,330 676,328 705,326 726,337"/>
                <Word id="tr_4_tl_2_w1" custom="readingOrder {index:0;}">
                    <Coords points="152,283 152,343 320,343 320,283"/>
                    <TextEquiv>
                        <Unicode>Mein</Unicode>
                    </TextEquiv>
                </Word>
                <Word id="tr_4_tl_2_w2" custom="readingOrder {index:1;}">
                    <Coords points="356,286 356,346 499,346 499,286"/>
                    <TextEquiv>
                        <Unicode>lieber</Unicode>
                    </TextEquiv>
                </Word>
                <Word id="tr_4_tl_2_w3" custom="readingOrder {index:2;}">
                    <Coords points="522,290 522,350 737,350 737,290"/>
                    <TextEquiv>
                        <Unicode>Freund,</Unicode>
                    </TextEquiv>
                </Word>
                <TextEquiv>
                    <Unicode>Mein lieber Freund,</Unicode>
                </TextEquiv>
            </TextLine>
            <TextLine id="tr_4_tl_3" custom="readingOrder {index:3;} structure {type:paragraph;}">
                <Coords points="70,415 402,449 506,419 1004,440 1002,383 350,397 194,352 69,368"/>
                <Baseline points="77,402 106,406 134,408 163,408 191,412 220,412 248,412 277,412 305,414 334,416 363,418 391,420 420,420 448,418 477,418 505,420 534,418 562,420 591,420 619,420 648,420 676,420 705,421 733,421 762,423 790,423 819,425 847,425 876,425 904,425 933,425 961,427 990,427 1009,440"/>
                <Word id="tr_4_tl_3_w1" custom="readingOrder {index:0;}">
                    <Coords points="65,368 65,428 271,428 271,368"/>
                    <TextEquiv>
                        <Unicode>auend</Unicode>
                    </TextEquiv>
                </Word>
                <Word id="tr_4_tl_3_w2" custom="readingOrder {index:1;}">
                    <Coords points="304,377 304,437 410,437 410,377"/>
                    <TextEquiv>
                        <Unicode>Dank</Unicode>
                    </TextEquiv>
                </Word>
                <Word id="tr_4_tl_3_w3" custom="readingOrder {index:2;}">
                    <Coords points="443,378 443,438 501,438 501,378"/>
                    <TextEquiv>
                        <Unicode>für</Unicode>
                    </TextEquiv>
                </Word>
                <Word id="tr_4_tl_3_w4" custom="readingOrder {index:3;}">
                    <Coords points="525,380 525,440 649,440 649,380"/>
                    <TextEquiv>
                        <Unicode>Deine</Unicode>
                    </TextEquiv>
                </Word>
                <Word id="tr_4_tl_3_w5" custom="readingOrder {index:4;}">
                    <Coords points="671,381 671,441 819,441 819,381"/>
                    <TextEquiv>
                        <Unicode>lieben</Unicode>
                    </TextEquiv>
                </Word>
                <Word id="tr_4_tl_3_w6" custom="readingOrder {index:5;}">
                    <Coords points="850,385 850,445 1007,445 1007,385"/>
                    <TextEquiv>
                        <Unicode>Worte,</Unicode>
                    </TextEquiv>
                </Word>
                <TextEquiv>
                    <Unicode>Tauend Dank für Deine lieben Worte!</Unicode>
                </TextEquiv>
            </TextLine>
            <TextLine id="tr_5_tl_1" custom="readingOrder {index:4;}">
                <Coords points="88,508 373,500 405,531 629,479 770,517 983,488 983,459 841,474 760,438 297,467 88,438"/>
                <Baseline points="95,490 102,490 131,488 159,486 188,488 216,488 245,486 273,486 302,488 330,486 359,486 387,484 416,484 444,484 473,482 501,482 530,482 558,480 587,478 615,478 644,480 672,482 701,480 729,482 758,482 786,482 815,482 843,484 872,482 900,482 929,482 957,482 986,480"/>
                <Word id="tr_5_tl_1_w1" custom="readingOrder {index:0;}">
                    <Coords points="84,448 84,508 163,508 163,448"/>
                    <TextEquiv>
                        <Unicode>Es</Unicode>
                    </TextEquiv>
                </Word>
                <Word id="tr_5_tl_1_w2" custom="readingOrder {index:1;}">
                    <Coords points="190,446 190,506 286,506 286,446"/>
                    <TextEquiv>
                        <Unicode>war</Unicode>
                    </TextEquiv>
                </Word>
                <Word id="tr_5_tl_1_w3" custom="readingOrder {index:2;}">
                    <Coords points="309,444 309,504 487,504 487,444"/>
                    <TextEquiv>
                        <Unicode>nirlich</Unicode>
                    </TextEquiv>
                </Word>
                <Word id="tr_5_tl_1_w4" custom="readingOrder {index:3;}">
                    <Coords points="521,439 521,499 607,499 607,439"/>
                    <TextEquiv>
                        <Unicode>nicht</Unicode>
                    </TextEquiv>
                </Word>
                <Word id="tr_5_tl_1_w5" custom="readingOrder {index:4;}">
                    <Coords points="661,442 661,502 852,502 852,442"/>
                    <TextEquiv>
                        <Unicode>nöthig,</Unicode>
                    </TextEquiv>
                </Word>
                <Word id="tr_5_tl_1_w6" custom="readingOrder {index:5;}">
                    <Coords points="863,442 863,502 955,502 955,442"/>
                    <TextEquiv>
                        <Unicode>mir</Unicode>
                    </TextEquiv>
                </Word>
                <TextEquiv>
                    <Unicode>Es war wirklich nicht nöthig, mir</Unicode>
                </TextEquiv>
            </TextLine>
            <TextLine id="tr_5_tl_2" custom="readingOrder {index:5;}">
                <Coords points="74,562 1050,577 1049,523 831,502 403,536 245,495 74,536"/>
                <Baseline points="81,549 110,549 138,549 167,551 195,551 224,549 252,547 281,549 309,551 338,549 366,551 395,549 423,549 452,547 480,547 509,547 537,545 566,543 594,543 623,545 651,545 680,547 708,547 737,547 765,547 794,547 822,547 851,551 879,553 908,556 936,558 965,560 993,562 1022,566 1060,576"/>
                <Word id="tr_5_tl_2_w1" custom="readingOrder {index:0;}">
                    <Coords points="70,509 70,569 159,569 159,509"/>
                    <TextEquiv>
                        <Unicode>des</Unicode>
                    </TextEquiv>
                </Word>
                <Word id="tr_5_tl_2_w2" custom="readingOrder {index:1;}">
                    <Coords points="175,510 175,570 243,570 243,510"/>
                    <TextEquiv>
                        <Unicode>halb</Unicode>
                    </TextEquiv>
                </Word>
                <Word id="tr_5_tl_2_w3" custom="readingOrder {index:2;}">
                    <Coords points="295,510 295,570 417,570 417,510"/>
                    <TextEquiv>
                        <Unicode>einen</Unicode>
                    </TextEquiv>
                </Word>
                <Word id="tr_5_tl_2_w4" custom="readingOrder {index:3;}">
                    <Coords points="441,505 441,565 614,565 614,505"/>
                    <TextEquiv>
                        <Unicode>großen</Unicode>
                    </TextEquiv>
                </Word>
                <Word id="tr_5_tl_2_w5" custom="readingOrder {index:4;}">
                    <Coords points="648,507 648,567 763,567 763,507"/>
                    <TextEquiv>
                        <Unicode>Biief</Unicode>
                    </TextEquiv>
                </Word>
                <Word id="tr_5_tl_2_w6" custom="readingOrder {index:5;}">
                    <Coords points="787,507 787,567 828,567 828,507"/>
                    <TextEquiv>
                        <Unicode>zu</Unicode>
                    </TextEquiv>
                </Word>
                <Word id="tr_5_tl_2_w7" custom="readingOrder {index:6;}">
                    <Coords points="859,519 859,579 1060,579 1060,519"/>
                    <TextEquiv>
                        <Unicode>ſchreiben,</Unicode>
                    </TextEquiv>
                </Word>
                <TextEquiv>
                    <Unicode>deshalb einen großen Brief zu ſchreiben,</Unicode>
                </TextEquiv>
            </TextLine>
            <TextLine id="tr_5_tl_3" custom="readingOrder {index:6;} latintype {offset:25; length:4;} person {offset:25; length:4;}">
                <Coords points="70,623 294,619 375,661 573,609 629,648 815,618 1061,654 1060,599 992,589 69,561"/>
                <Baseline points="77,611 106,611 134,611 163,610 191,610 220,608 248,610 277,610 305,608 334,610 363,610 391,610 420,608 448,608 477,610 505,610 534,608 562,608 591,608 619,611 648,611 676,613 705,615 733,617 762,617 790,617 819,617 847,619 876,621 904,621 933,625 961,627 990,632 1018,638 1047,646 1075,658"/>
                <Word id="tr_5_tl_3_w1" custom="readingOrder {index:0;}">
                    <Coords points="66,571 66,631 194,631 194,571"/>
                    <TextEquiv>
                        <Unicode>und</Unicode>
                    </TextEquiv>
                </Word>
                <Word id="tr_5_tl_3_w2" custom="readingOrder {index:1;}">
                    <Coords points="216,568 216,628 248,628 248,568"/>
                    <TextEquiv>
                        <Unicode>ich</Unicode>
                    </TextEquiv>
                </Word>
                <Word id="tr_5_tl_3_w3" custom="readingOrder {index:2;}">
                    <Coords points="273,568 273,628 355,628 355,568"/>
                    <TextEquiv>
                        <Unicode>bitte</Unicode>
                    </TextEquiv>
                </Word>
                <Word id="tr_5_tl_3_w4" custom="readingOrder {index:3;}">
                    <Coords points="384,568 384,628 448,628 448,568"/>
                    <TextEquiv>
                        <Unicode>Dich</Unicode>
                    </TextEquiv>
                </Word>
                <Word id="tr_5_tl_3_w5" custom="readingOrder {index:4;}">
                    <Coords points="484,568 484,628 562,628 562,568"/>
                    <TextEquiv>
                        <Unicode>auch</Unicode>
                    </TextEquiv>
                </Word>
                <Word id="tr_5_tl_3_w6" custom="readingOrder {index:5;}">
                    <Coords points="605,571 605,631 691,631 691,571"/>
                    <TextEquiv>
                        <Unicode>Olga</Unicode>
                    </TextEquiv>
                </Word>
                <Word id="tr_5_tl_3_w7" custom="readingOrder {index:6;}">
                    <Coords points="713,577 713,637 756,637 756,577"/>
                    <TextEquiv>
                        <Unicode>zu</Unicode>
                    </TextEquiv>
                </Word>
                <Word id="tr_5_tl_3_w8" custom="readingOrder {index:7;}">
                    <Coords points="799,585 799,645 1071,645 1071,585"/>
                    <TextEquiv>
                        <Unicode>veranlaſen,</Unicode>
                    </TextEquiv>
                </Word>
                <TextEquiv>
                    <Unicode>und ich bitte Dich, auch Olga zu veranlaſſen,</Unicode>
                </TextEquiv>
            </TextLine>
            <TextLine id="tr_5_tl_4" custom="readingOrder {index:7;}">
                <Coords points="64,702 380,673 786,702 1002,687 1002,657 532,616 405,659 186,617 63,644"/>
                <Baseline points="70,672 98,672 127,672 155,674 184,674 212,676 241,676 269,676 298,676 326,676 355,674 383,670 412,670 440,670 469,672 497,672 526,672 554,672 583,672 611,672 640,672 668,674 697,674 726,676 754,676 783,676 811,680 840,678 868,678 897,676 925,678 954,680 982,682 1005,682"/>
                <Word id="tr_5_tl_4_w1" custom="readingOrder {index:0;}">
                    <Coords points="59,632 59,692 165,692 165,632"/>
                    <TextEquiv>
                        <Unicode>daß</Unicode>
                    </TextEquiv>
                </Word>
                <Word id="tr_5_tl_4_w2" custom="readingOrder {index:1;}">
                    <Coords points="207,636 207,696 265,696 265,636"/>
                    <TextEquiv>
                        <Unicode>ſie</Unicode>
                    </TextEquiv>
                </Word>
                <Word id="tr_5_tl_4_w3" custom="readingOrder {index:2;}">
                    <Coords points="294,635 294,695 381,695 381,635"/>
                    <TextEquiv>
                        <Unicode>mir</Unicode>
                    </TextEquiv>
                </Word>
                <Word id="tr_5_tl_4_w4" custom="readingOrder {index:3;}">
                    <Coords points="435,632 435,692 529,692 529,632"/>
                    <TextEquiv>
                        <Unicode>über</Unicode>
                    </TextEquiv>
                </Word>
                <Word id="tr_5_tl_4_w5" custom="readingOrder {index:4;}">
                    <Coords points="548,632 548,692 638,692 638,632"/>
                    <TextEquiv>
                        <Unicode>die</Unicode>
                    </TextEquiv>
                </Word>
                <Word id="tr_5_tl_4_w6" custom="readingOrder {index:5;}">
                    <Coords points="683,636 683,696 860,696 860,636"/>
                    <TextEquiv>
                        <Unicode>Affaire</Unicode>
                    </TextEquiv>
                </Word>
                <Word id="tr_5_tl_4_w7" custom="readingOrder {index:6;}">
                    <Coords points="876,637 876,697 973,697 973,637"/>
                    <TextEquiv>
                        <Unicode>nicht</Unicode>
                    </TextEquiv>
                </Word>
                <TextEquiv>
                    <Unicode>daß ſie mir über die Affaire nicht</Unicode>
                </TextEquiv>
            </TextLine>
            <TextLine id="tr_1_tl_1" custom="readingOrder {index:8;}">
                <Coords points="63,761 552,738 619,778 741,744 1046,768 1046,691 1009,682 544,727 423,694 63,709"/>
                <Baseline points="70,739 98,739 127,741 155,743 184,743 212,743 241,745 269,745 298,743 326,741 355,739 383,737 412,737 440,737 469,735 497,737 526,737 554,737 583,737 611,737 640,737 668,737 697,735 726,735 754,737 783,739 811,739 840,737 868,739 897,741 925,741 954,743 982,745 1011,748 1039,750 1053,768"/>
                <Word id="tr_1_tl_1_w1" custom="readingOrder {index:0;}">
                    <Coords points="59,701 59,761 209,761 209,701"/>
                    <TextEquiv>
                        <Unicode>mehr</Unicode>
                    </TextEquiv>
                </Word>
                <Word id="tr_1_tl_1_w2" custom="readingOrder {index:1;}">
                    <Coords points="233,700 233,760 437,760 437,700"/>
                    <TextEquiv>
                        <Unicode>ſchreibt.</Unicode>
                    </TextEquiv>
                </Word>
                <Word id="tr_1_tl_1_w3" custom="readingOrder {index:2;}">
                    <Coords points="455,696 455,756 524,756 524,696"/>
                    <TextEquiv>
                        <Unicode>Die</Unicode>
                    </TextEquiv>
                </Word>
                <Word id="tr_1_tl_1_w4" custom="readingOrder {index:3;}">
                    <Coords points="569,697 569,757 681,757 681,697"/>
                    <TextEquiv>
                        <Unicode>Sache</Unicode>
                    </TextEquiv>
                </Word>
                <Word id="tr_1_tl_1_w5" custom="readingOrder {index:4;}">
                    <Coords points="701,695 701,755 757,755 757,695"/>
                    <TextEquiv>
                        <Unicode>iſt</Unicode>
                    </TextEquiv>
                </Word>
                <Word id="tr_1_tl_1_w6" custom="readingOrder {index:5;}">
                    <Coords points="778,701 778,761 1034,761 1034,701"/>
                    <TextEquiv>
                        <Unicode>abgethan¬</Unicode>
                    </TextEquiv>
                </Word>
                <TextEquiv>
                    <Unicode>mehr ſchreibt. Die Sache iſt abgethan;</Unicode>
                </TextEquiv>
            </TextLine>
            <TextLine id="tr_1_tl_2" custom="readingOrder {index:9;}">
                <Coords points="60,818 765,850 847,807 1011,822 1001,772 621,777 518,746 61,791"/>
                <Baseline points="68,803 96,805 125,807 153,807 182,807 210,809 239,809 267,809 296,807 324,805 353,805 382,805 410,807 439,807 467,805 496,805 524,805 553,805 581,803 610,803 638,800 667,800 695,802 724,802 752,802 781,803 809,802 838,802 866,805 895,807 923,809 952,811 980,811 1009,813 1016,811"/>
                <Word id="tr_1_tl_2_w1" custom="readingOrder {index:0;}">
                    <Coords points="56,766 56,826 165,826 165,766"/>
                    <TextEquiv>
                        <Unicode>und</Unicode>
                    </TextEquiv>
                </Word>
                <Word id="tr_1_tl_2_w2" custom="readingOrder {index:1;}">
                    <Coords points="188,768 188,828 229,828 229,768"/>
                    <TextEquiv>
                        <Unicode>ich</Unicode>
                    </TextEquiv>
                </Word>
                <Word id="tr_1_tl_2_w3" custom="readingOrder {index:2;}">
                    <Coords points="253,765 253,825 452,825 452,765"/>
                    <TextEquiv>
                        <Unicode>bedaute</Unicode>
                    </TextEquiv>
                </Word>
                <Word id="tr_1_tl_2_w4" custom="readingOrder {index:3;}">
                    <Coords points="466,764 466,824 645,824 645,764"/>
                    <TextEquiv>
                        <Unicode>lebhaft,</Unicode>
                    </TextEquiv>
                </Word>
                <Word id="tr_1_tl_2_w5" custom="readingOrder {index:4;}">
                    <Coords points="665,762 665,822 737,822 737,762"/>
                    <TextEquiv>
                        <Unicode>daß</Unicode>
                    </TextEquiv>
                </Word>
                <Word id="tr_1_tl_2_w6" custom="readingOrder {index:5;}">
                    <Coords points="781,762 781,822 831,822 831,762"/>
                    <TextEquiv>
                        <Unicode>ich</Unicode>
                    </TextEquiv>
                </Word>
                <Word id="tr_1_tl_2_w7" custom="readingOrder {index:6;}">
                    <Coords points="879,769 879,829 984,829 984,769"/>
                    <TextEquiv>
                        <Unicode>dem</Unicode>
                    </TextEquiv>
                </Word>
                <TextEquiv>
                    <Unicode>und ich bedaure lebhaft, daß ich dem</Unicode>
                </TextEquiv>
            </TextLine>
            <TextLine id="tr_1_tl_3" custom="readingOrder {index:10;}">
                <Coords points="69,890 293,910 354,878 489,902 823,868 916,898 1006,878 1007,838 69,846"/>
                <Baseline points="76,876 104,878 133,879 161,879 190,879 218,879 247,879 275,879 304,878 332,876 361,876 389,876 418,876 446,876 475,874 503,874 532,874 560,874 589,872 617,872 646,872 674,868 703,866 731,868 760,866 788,866 817,868 845,870 874,870 902,870 931,872 959,872 988,872 1009,876"/>
                <Word id="tr_1_tl_3_w1" custom="readingOrder {index:0;}">
                    <Coords points="64,839 64,899 349,899 349,839"/>
                    <TextEquiv>
                        <Unicode>Unnellen,</Unicode>
                    </TextEquiv>
                </Word>
                <Word id="tr_1_tl_3_w2" custom="readingOrder {index:1;}">
                    <Coords points="370,836 370,896 441,896 441,836"/>
                    <TextEquiv>
                        <Unicode>den</Unicode>
                    </TextEquiv>
                </Word>
                <Word id="tr_1_tl_3_w3" custom="readingOrder {index:2;}">
                    <Coords points="463,834 463,894 509,894 509,834"/>
                    <TextEquiv>
                        <Unicode>ich</Unicode>
                    </TextEquiv>
                </Word>
                <Word id="tr_1_tl_3_w4" custom="readingOrder {index:3;}">
                    <Coords points="544,832 544,892 642,892 642,832"/>
                    <TextEquiv>
                        <Unicode>über</Unicode>
                    </TextEquiv>
                </Word>
                <Word id="tr_1_tl_3_w5" custom="readingOrder {index:4;}">
                    <Coords points="672,826 672,886 739,886 739,826"/>
                    <TextEquiv>
                        <Unicode>den</Unicode>
                    </TextEquiv>
                </Word>
                <Word id="tr_1_tl_3_w6" custom="readingOrder {index:5;}">
                    <Coords points="772,830 772,890 995,890 995,830"/>
                    <TextEquiv>
                        <Unicode>zurecht-¬</Unicode>
                    </TextEquiv>
                </Word>
                <TextEquiv>
                    <Unicode>Unwillen, den ich über den zurecht¬</Unicode>
                </TextEquiv>
            </TextLine>
            <TextLine id="tr_1_tl_4" custom="readingOrder {index:11;} latintype {offset:18; length:5;} person {offset:18; length:4;}">
                <Coords points="69,943 588,942 624,976 698,942 943,952 945,906 634,885 458,926 407,898 70,911"/>
                <Baseline points="76,942 91,944 119,946 148,946 176,948 205,950 233,948 262,948 290,948 319,948 347,946 376,944 404,944 433,942 461,944 490,940 518,940 547,938 575,938 604,936 632,936 661,936 689,938 718,938 746,938 775,938 803,938 832,938 860,938 889,938 917,940 946,940"/>
                <Word id="tr_1_tl_4_w1" custom="readingOrder {index:0;}">
                    <Coords points="64,909 64,969 337,969 337,909"/>
                    <TextEquiv>
                        <Unicode>weiſenden</Unicode>
                    </TextEquiv>
                </Word>
                <Word id="tr_1_tl_4_w2" custom="readingOrder {index:1;}">
                    <Coords points="368,903 368,963 442,963 442,903"/>
                    <TextEquiv>
                        <Unicode>Ton</Unicode>
                    </TextEquiv>
                </Word>
                <Word id="tr_1_tl_4_w3" custom="readingOrder {index:2;}">
                    <Coords points="474,900 474,960 556,960 556,900"/>
                    <TextEquiv>
                        <Unicode>von</Unicode>
                    </TextEquiv>
                </Word>
                <Word id="tr_1_tl_4_w4" custom="readingOrder {index:3;}">
                    <Coords points="593,896 593,956 718,956 718,896"/>
                    <TextEquiv>
                        <Unicode>Ngis</Unicode>
                    </TextEquiv>
                </Word>
                <Word id="tr_1_tl_4_w5" custom="readingOrder {index:4;}">
                    <Coords points="755,898 755,958 914,958 914,898"/>
                    <TextEquiv>
                        <Unicode>Tries</Unicode>
                    </TextEquiv>
                </Word>
                <TextEquiv>
                    <Unicode>weiſenden Ton von Olgas Brief</Unicode>
                </TextEquiv>
            </TextLine>
            <TextLine id="tr_1_tl_5" custom="readingOrder {index:12;}">
                <Coords points="53,1059 101,1084 282,1020 445,1061 657,1006 1059,1052 1059,991 755,950 588,987 507,955 53,981"/>
                <Baseline points="60,1014 89,1016 117,1016 146,1018 174,1018 203,1018 231,1018 260,1016 288,1016 317,1016 345,1016 374,1014 402,1012 431,1011 459,1011 488,1011 516,1011 545,1009 573,1007 602,1005 630,1005 659,1005 687,1005 716,1005 745,1005 773,1005 802,1003 830,1003 859,1003 887,1005 916,1007 944,1012 973,1018 1001,1026 1030,1035 1058,1043 1060,1043"/>
                <Word id="tr_1_tl_5_w1" custom="readingOrder {index:0;}">
                    <Coords points="52,978 52,1038 365,1038 365,978"/>
                    <TextEquiv>
                        <Unicode>empfunden,</Unicode>
                    </TextEquiv>
                </Word>
                <Word id="tr_1_tl_5_w2" custom="readingOrder {index:1;}">
                    <Coords points="374,971 374,1031 596,1031 596,971"/>
                    <TextEquiv>
                        <Unicode>überhaupt</Unicode>
                    </TextEquiv>
                </Word>
                <Word id="tr_1_tl_5_w3" custom="readingOrder {index:2;}">
                    <Coords points="623,965 623,1025 832,1025 832,965"/>
                    <TextEquiv>
                        <Unicode>Ausdurt</Unicode>
                    </TextEquiv>
                </Word>
                <Word id="tr_1_tl_5_w4" custom="readingOrder {index:3;}">
                    <Coords points="860,973 860,1033 1045,1033 1045,973"/>
                    <TextEquiv>
                        <Unicode>gegeben</Unicode>
                    </TextEquiv>
                </Word>
                <TextEquiv>
                    <Unicode>empfunden, überhaupt Ausdruck gegeben</Unicode>
                </TextEquiv>
            </TextLine>
            <TextLine id="tr_2_tl_1" custom="readingOrder {index:13;}">
                <Coords points="75,1111 369,1095 428,1131 589,1095 678,1124 749,1087 1009,1095 1009,1057 877,1041 554,1081 282,1041 76,1077"/>
                <Baseline points="83,1092 100,1094 129,1096 157,1098 186,1098 214,1098 243,1096 271,1094 300,1094 328,1094 357,1092 385,1092 414,1092 442,1092 471,1092 499,1094 528,1092 556,1089 585,1085 613,1085 642,1083 670,1081 699,1081 727,1081 756,1081 784,1081 813,1081 841,1081 870,1083 898,1083 927,1085 955,1087 984,1090 1012,1090"/>
                <Word id="tr_2_tl_1_w1" custom="readingOrder {index:0;}">
                    <Coords points="70,1057 70,1117 218,1117 218,1057"/>
                    <TextEquiv>
                        <Unicode>abe.</Unicode>
                    </TextEquiv>
                </Word>
                <Word id="tr_2_tl_1_w2" custom="readingOrder {index:1;}">
                    <Coords points="254,1054 254,1114 319,1114 319,1054"/>
                    <TextEquiv>
                        <Unicode>Im</Unicode>
                    </TextEquiv>
                </Word>
                <Word id="tr_2_tl_1_w3" custom="readingOrder {index:2;}">
                    <Coords points="358,1052 358,1112 541,1112 541,1052"/>
                    <TextEquiv>
                        <Unicode>Übngen</Unicode>
                    </TextEquiv>
                </Word>
                <Word id="tr_2_tl_1_w4" custom="readingOrder {index:3;}">
                    <Coords points="574,1041 574,1101 754,1101 754,1041"/>
                    <TextEquiv>
                        <Unicode>ummſt</Unicode>
                    </TextEquiv>
                </Word>
                <Word id="tr_2_tl_1_w5" custom="readingOrder {index:4;}">
                    <Coords points="781,1041 781,1101 832,1101 832,1041"/>
                    <TextEquiv>
                        <Unicode>Du</Unicode>
                    </TextEquiv>
                </Word>
                <Word id="tr_2_tl_1_w6" custom="readingOrder {index:5;}">
                    <Coords points="879,1045 879,1105 1000,1105 1000,1045"/>
                    <TextEquiv>
                        <Unicode>nach</Unicode>
                    </TextEquiv>
                </Word>
                <TextEquiv>
                    <Unicode>habe. Im Übrigen nimmſt Du nach</Unicode>
                </TextEquiv>
            </TextLine>
            <TextLine id="tr_2_tl_2" custom="readingOrder {index:14;}">
                <Coords points="50,1170 568,1162 626,1194 780,1154 1026,1190 1027,1139 641,1104 533,1149 51,1142"/>
                <Baseline points="57,1165 85,1168 114,1168 142,1168 171,1168 199,1166 228,1166 256,1165 285,1163 313,1165 342,1165 370,1165 399,1165 427,1165 456,1163 484,1163 513,1161 541,1161 570,1159 598,1159 627,1157 655,1155 684,1155 712,1155 741,1153 769,1153 798,1153 826,1155 855,1155 883,1155 912,1157 940,1159 969,1159 997,1163 1026,1165 1031,1165"/>
                <Word id="tr_2_tl_2_w1" custom="readingOrder {index:0;}">
                    <Coords points="45,1128 45,1188 160,1188 160,1128"/>
                    <TextEquiv>
                        <Unicode>wie</Unicode>
                    </TextEquiv>
                </Word>
                <Word id="tr_2_tl_2_w2" custom="readingOrder {index:1;}">
                    <Coords points="205,1125 205,1185 280,1185 280,1125"/>
                    <TextEquiv>
                        <Unicode>er</Unicode>
                    </TextEquiv>
                </Word>
                <Word id="tr_2_tl_2_w3" custom="readingOrder {index:2;}">
                    <Coords points="325,1125 325,1185 370,1185 370,1125"/>
                    <TextEquiv>
                        <Unicode>in</Unicode>
                    </TextEquiv>
                </Word>
                <Word id="tr_2_tl_2_w4" custom="readingOrder {index:3;}">
                    <Coords points="401,1124 401,1184 482,1184 482,1124"/>
                    <TextEquiv>
                        <Unicode>der</Unicode>
                    </TextEquiv>
                </Word>
                <Word id="tr_2_tl_2_w5" custom="readingOrder {index:4;}">
                    <Coords points="546,1117 546,1177 697,1177 697,1117"/>
                    <TextEquiv>
                        <Unicode>Arage</Unicode>
                    </TextEquiv>
                </Word>
                <Word id="tr_2_tl_2_w6" custom="readingOrder {index:5;}">
                    <Coords points="717,1113 717,1173 888,1173 888,1113"/>
                    <TextEquiv>
                        <Unicode>einen</Unicode>
                    </TextEquiv>
                </Word>
                <Word id="tr_2_tl_2_w7" custom="readingOrder {index:6;}">
                    <Coords points="919,1119 919,1179 1028,1179 1028,1119"/>
                    <TextEquiv>
                        <Unicode>er¬</Unicode>
                    </TextEquiv>
                </Word>
                <TextEquiv>
                    <Unicode>wie vor in der Frage einen er¬</Unicode>
                </TextEquiv>
            </TextLine>
            <TextLine id="tr_2_tl_3" custom="readingOrder {index:15;}">
                <Coords points="65,1259 186,1253 228,1293 335,1250 372,1275 671,1237 770,1269 827,1235 971,1237 992,1196 693,1181 589,1219 504,1189 230,1220 135,1191 65,1220"/>
                <Baseline points="72,1241 83,1241 112,1241 140,1241 169,1241 197,1241 226,1241 254,1242 283,1241 311,1241 340,1241 368,1241 397,1239 425,1239 454,1239 482,1237 511,1235 539,1235 568,1233 596,1233 625,1231 653,1231 682,1229 710,1227 739,1227 767,1225 796,1225 824,1225 853,1225 881,1225 910,1225 938,1223 967,1223 995,1222"/>
                <Word id="tr_2_tl_3_w1" custom="readingOrder {index:0;}">
                    <Coords points="61,1201 61,1261 309,1261 309,1201"/>
                    <TextEquiv>
                        <Unicode>kaundich</Unicode>
                    </TextEquiv>
                </Word>
                <Word id="tr_2_tl_3_w2" custom="readingOrder {index:1;}">
                    <Coords points="332,1197 332,1257 611,1257 611,1197"/>
                    <TextEquiv>
                        <Unicode>einſeitigen</Unicode>
                    </TextEquiv>
                </Word>
                <Word id="tr_2_tl_3_w3" custom="readingOrder {index:2;}">
                    <Coords points="654,1185 654,1245 985,1245 985,1185"/>
                    <TextEquiv>
                        <Unicode>Rtampuntt</Unicode>
                    </TextEquiv>
                </Word>
                <TextEquiv>
                    <Unicode>kundlich einſeitigen Standpunkt</Unicode>
                </TextEquiv>
            </TextLine>
            <TextLine id="tr_2_tl_4" custom="readingOrder {index:16;}">
                <Coords points="78,1324 220,1366 527,1316 651,1366 732,1320 881,1351 966,1323 966,1273 882,1256 820,1290 719,1259 548,1303 287,1261 213,1303 78,1289"/>
                <Baseline points="85,1307 114,1309 142,1311 171,1313 199,1313 228,1313 256,1315 285,1317 313,1317 342,1318 370,1318 399,1317 427,1317 456,1315 484,1315 513,1315 541,1315 570,1315 598,1315 627,1317 655,1317 684,1315 712,1313 741,1313 769,1313 798,1313 826,1313 855,1313 883,1313 912,1313 940,1313 969,1315 971,1313"/>
                <Word id="tr_2_tl_4_w1" custom="readingOrder {index:0;}">
                    <Coords points="75,1271 75,1331 215,1331 215,1271"/>
                    <TextEquiv>
                        <Unicode>eiin:</Unicode>
                    </TextEquiv>
                </Word>
                <Word id="tr_2_tl_4_w2" custom="readingOrder {index:1;}">
                    <Coords points="237,1275 237,1335 284,1335 284,1275"/>
                    <TextEquiv>
                        <Unicode>Ich</Unicode>
                    </TextEquiv>
                </Word>
                <Word id="tr_2_tl_4_w3" custom="readingOrder {index:2;}">
                    <Coords points="306,1278 306,1338 425,1338 425,1278"/>
                    <TextEquiv>
                        <Unicode>kann</Unicode>
                    </TextEquiv>
                </Word>
                <Word id="tr_2_tl_4_w4" custom="readingOrder {index:3;}">
                    <Coords points="443,1275 443,1335 512,1335 512,1275"/>
                    <TextEquiv>
                        <Unicode>Dir</Unicode>
                    </TextEquiv>
                </Word>
                <Word id="tr_2_tl_4_w5" custom="readingOrder {index:4;}">
                    <Coords points="556,1274 556,1334 827,1334 827,1274"/>
                    <TextEquiv>
                        <Unicode>verſichern,</Unicode>
                    </TextEquiv>
                </Word>
                <Word id="tr_2_tl_4_w6" custom="readingOrder {index:5;}">
                    <Coords points="834,1273 834,1333 921,1333 921,1273"/>
                    <TextEquiv>
                        <Unicode>daß</Unicode>
                    </TextEquiv>
                </Word>
                <TextEquiv>
                    <Unicode>ein. Ich kann Dir verſichern, daß</Unicode>
                </TextEquiv>
            </TextLine>
            <TextEquiv>
                <Unicode>Dessauerstrasse 19
Berlin, 23. November.
Mein lieber Freund,
Tauend Dank für Deine lieben Worte!
Es war wirklich nicht nöthig, mir
deshalb einen großen Brief zu ſchreiben,
und ich bitte Dich, auch Olga zu veranlaſſen,
daß ſie mir über die Affaire nicht
mehr ſchreibt. Die Sache iſt abgethan;
und ich bedaure lebhaft, daß ich dem
Unwillen, den ich über den zurecht¬
weiſenden Ton von Olgas Brief
empfunden, überhaupt Ausdruck gegeben
habe. Im Übrigen nimmſt Du nach
wie vor in der Frage einen er¬
kundlich einſeitigen Standpunkt
ein. Ich kann Dir verſichern, daß</Unicode>
            </TextEquiv>
        </TextRegion>
    </Page>
</PcGts>
