3958 5832
1832 571 2203 631 Frankfurt
2258 572 2330 632 a.
2358 573 2512 633 M.,
2557 576 2746 636 14.
2774 576 3018 636 Jul.
3209 567 3425 627 1899.

711 1434 1161 1494 Mein
1369 1427 1708 1487 lieber
1986 1422 2663 1482 Freund

457 1652 915 1712 Unſere
1037 1656 1303 1716 Briefe
1385 1656 1650 1716 haben
1773 1654 1936 1714 ſich
2038 1652 2834 1712 gekreupt.
2874 1658 3008 1718 Ich
3079 1668 3446 1728 ſchrieb

396 1884 713 1944 Dir
828 1883 1262 1943 geſtern
1367 1877 1599 1937 nach
1715 1871 2042 1931 Wien
2254 1865 2485 1925 und
2629 1862 2967 1922 theilte
3053 1865 3438 1925 Dir,

425 2084 981 2144 meine
1124 2084 1938 2144 veränderten
2210 2078 3059 2138 Sommer-¬

442 2303 1477 2363 Dispoſitionen
1585 2295 1991 2355 mit.
2184 2293 2429 2353 Der
2558 2297 2857 2357 Brief
2963 2313 3316 2373 wird

408 2516 692 2576 Dir
829 2521 1471 2581 hoffentlich
1639 2526 2597 2586 nachgeſchickt.

869 2720 1217 2780 daß
1346 2733 1814 2793 Bahr
1903 2738 2102 2798 von
2201 2737 2401 2797 der
2560 2722 3047 2782 »Zeit«

403 2956 1247 3016 weggeht,
1300 2950 1446 3010 iſt
1644 2945 1856 3005 ein
2000 2940 2358 3000 Glück
2541 2938 2766 2998 für
2899 2941 3163 3001 das

383 3163 908 3223 Blatt.
1029 3168 1310 3228 Wer
1507 3169 1891 3229 wird
2040 3168 2219 3228 an
2340 3166 2687 3226 ſeine
2846 3164 3212 3224 Stelle

489 3382 1334 3442 kommen?
1584 3382 1973 3442 Wenn
2068 3384 2206 3444 Du
2353 3386 2880 3446 Kanner
2983 3377 3440 3437 ſiehſt,

480 3626 688 3686 ſo
811 3613 1131 3673 ſag’
1180 3606 1572 3666 ihm,
1621 3604 1757 3664 ich
1867 3606 2186 3666 laſſe
2371 3608 2542 3668 ihn
2690 3615 3169 3675 bitten

408 3827 616 3887 es
731 3820 894 3880 ſich
1010 3818 1091 3878 ſo
1208 3822 2414 3882 einzurichten,
2495 3828 2728 3888 daß
2959 3820 3111 3880 er

467 4028 796 4088 nicht
918 4034 1089 4094 vor
1223 4039 1504 4099 Ende
1700 4042 2286 4102 Auguſt
2470 4047 2701 4107 hin
2848 4062 3543 4122 hierher-¬

464 4233 1161 4293 kommt.
1387 4254 1741 4314 Sonſt
1827 4262 2235 4322 trifft
2428 4266 2547 4326 er
2826 4260 3148 4320 mich

456 4465 922 4525 nicht,
1044 4460 1286 4520 und
1406 4462 1528 4522 ich
1740 4469 2237 4529 möchte
2374 4477 2601 4537 ihn
2828 4475 3130 4535 doch

528 4697 922 4757 gar
1061 4694 1168 4754 zu
1349 4697 1713 4757 gern
1937 4701 2492 4761 ſehen.
2642 4684 2941 4744 Von

462 4910 963 4970 Reny
1112 4902 1218 4962 de
1432 4905 2243 4965 Gourniont
2435 4914 2947 4974 weiß
3193 4901 3299 4961 ich
