1208 1431
159 123 493 183 Schmindler
525 135 660 195 ſein,
676 139 701 199 –
717 143 799 203 für
836 143 974 203 ſeine
995 145 1105 205 Fiau

141 200 316 260 wird
338 209 393 269 er
419 215 522 275 ſchon
569 219 749 279 ſorgen.
778 213 1014 273 Vielleicht

142 277 426 337 ſchwtndelt
446 287 495 347 er
523 288 584 348 ſich
613 283 702 343 auch
739 281 930 341 hinauf.
950 287 1121 347 Jeden¬

144 347 306 407 falls
352 359 529 419 kommt
564 356 653 416 das
703 351 849 411 anne
892 354 1088 414 Mädel

146 418 254 478 aus
282 424 362 484 den
408 426 686 486 ſchlimmſten
728 431 1089 491 Exiſtenzforgen

161 491 402 551 heraus.

341 567 491 627 (ſohe
511 569 565 629 ſie
589 569 683 629 noch
707 573 743 633 in
760 576 1000 636 Salzburg,
1012 587 1102 647 nie

156 627 236 687 ich
269 635 328 695 ſie
354 637 434 697 mit
482 636 548 696 Dir
588 639 878 699 zuſammen
911 647 1105 707 beſuchte.

156 699 315 759 wer
338 703 438 763 hätte
465 705 654 765 damals
693 709 786 769 das
813 721 1126 781 Allesgnahntt

344 798 442 858 Ich
469 795 598 855 ſende
624 797 707 857 Dir
749 800 859 860 heut
897 806 1056 866 einen

140 851 350 911 Aitikel
379 863 472 923 von
523 869 693 929 Gootti,
708 870 770 930 der
807 867 903 927 mich
951 871 1028 931 tief

154 928 389 988 ergriffen
411 935 502 995 hat,
524 937 554 997 –
580 939 646 999 die
689 943 1011 1003 Schilderung

157 1003 311 1063 einer
338 1009 594 1069 ruſſiſchen
626 1025 1086 1085 judemterfolgung

276 1095 443 1155 Viele
467 1097 604 1157 treue
644 1104 829 1164 Grüße!

346 1175 503 1235 Dein
535 1181 656 1241 Paul
707 1204 1017 1264 Goldmann

158 1253 330 1313 Alles
367 1265 476 1325 Liebe
491 1267 557 1327 den
583 1271 733 1331 leiden
769 1293 1074 1353 Schweſern,
