1139 1434
659 144 941 204 Hsccenétenese1

58 194 236 254 Belin
259 195 319 255 3.
342 200 462 260 Mai

115 379 309 439 Mein
361 391 535 451 liden
583 396 818 456 Freund,

82 474 173 534 Ich
195 483 272 543 habe
305 491 365 551 bei
382 495 450 555 der
481 501 563 561 M.
570 502 637 562 F.
645 501 715 561 Pr.
736 507 938 567 anzeragt,
952 508 1020 568 mich

54 529 165 589 noch
183 548 474 608 Maredinen
526 562 570 622 zu
588 562 759 622 ſchicken.
777 565 867 625 Denn
882 567 914 627 ich
929 570 1013 630 fühle

51 589 222 649 miner
269 611 601 671 unebweislirer
620 615 683 675 das
726 621 915 681 Bedürfniß
973 627 1026 687 die

43 643 194 703 Kucht,
200 654 239 714 die
251 653 286 713 ich
310 655 350 715 in
383 657 464 717 mir
494 668 623 728 ſpüre,
638 674 788 734 wieder
806 677 956 737 einmal
989 680 1034 740 in

50 695 155 755 eine
206 712 341 772 ſchwere
377 720 539 780 Aufgabe
557 728 593 788 zu
620 733 746 793 ſetzen,
761 733 827 793 und
854 733 1022 793 meinen

45 769 259 829 Schickſal,
270 772 331 832 das
370 774 452 834 mir
477 782 552 842 hart
578 787 653 847 und
688 790 817 850 fühniſch
846 788 921 848 alle

46 826 221 886 münſche
234 835 392 895 verſagt,
420 839 567 899 wieder
589 852 739 912 einmal
763 852 1068 912 davonzugehen.

45 878 97 938 da
129 881 165 941 ich
194 888 356 948 verflucht
375 895 456 955 bin,
466 899 550 959 nicht
576 909 715 969 geliebt
748 916 783 976 zu
825 915 1017 975 werden,

45 931 158 991 will
192 938 226 998 ich
263 943 380 1003 mich,
720 968 903 1028 duch
935 977 1032 1037 neur

63 997 316 1057 Eindrücke,
334 1013 430 1073 harte
459 1016 570 1076 Arbeit
605 1016 673 1076 und
698 1027 894 1087 hoffentlich
934 1034 1016 1094 auch

55 1045 132 1105 ein
169 1058 303 1118 wenig
330 1073 447 1133 gefahr
491 1078 708 1138 betauben.
742 1090 762 1150 X
819 1092 849 1152 Ob
893 1096 1000 1156 man

57 1111 226 1171 meiner
267 1130 488 1190 Anregung
515 1140 633 1200 Frage
659 1148 757 1208 geben
804 1150 928 1210 und,
937 1155 984 1215 iſt

62 1182 254 1242 fräglich.
265 1189 333 1249 Die
356 1198 519 1258 Herren,
553 1204 607 1264 die
641 1211 759 1271 mein
807 1216 985 1276 Talent¬

73 1245 345 1305 vermalten,
359 1261 538 1321 benutzen
588 1270 744 1330 dasſelbe
791 1270 927 1330 lieber
970 1287 1030 1347 zu
