1212 1446
152 91 400 151 gleichziltig.
413 92 454 152 Er
484 94 588 154 wird
608 96 665 156 an
692 98 775 158 Stoff
802 99 940 159 andes
967 111 1117 171 behandelt

141 154 306 214 haben,
314 156 359 216 als
387 154 462 214 Du,
476 156 498 216 –
509 160 630 220 deſſen
660 162 803 222 kannſt
820 163 856 223 Du
889 167 976 227 ſicher
995 176 1093 236 ſein,

133 212 328 272 Kammt
356 212 385 272 es
405 213 442 273 zu
465 214 559 274 eine
619 218 845 278 Offentlichen
877 229 1091 289 Distnſo¬

123 272 185 332 ſo
204 272 266 332 bin
282 269 313 329 ich
328 268 465 328 zeuge,
472 268 531 328 daß
559 272 600 332 in
621 272 702 332 mir
737 270 793 330 en
824 274 908 334 Stoff
930 290 1086 350 bereits,

117 324 203 384 vor
227 328 328 388 zwei
349 325 465 385 Jahren
486 322 620 382 erzählt
644 325 747 385 haſt.

277 388 472 448 Mittwoch
502 394 593 454 mar
611 392 649 452 ich
670 395 723 455 bei
762 398 850 458 Frau
877 400 1025 460 Fulda.
1033 409 1093 469 Soe

124 435 259 495 war
275 448 778 508 außergewöhnlihentzückt
830 454 909 514 von
929 456 991 516 Dir
1017 456 1070 516 und

142 500 301 560 ſagte,
311 504 362 564 daß
394 506 442 566 ſie
476 506 540 566 Dich
563 507 633 567 ſehr
652 506 722 566 lieb
779 506 869 566 hat.

289 572 455 632 Wann
482 572 670 632 kommſt
692 570 796 630 du?

299 645 450 705 Grüße
468 640 528 700 die
563 642 733 702 Mädels
764 648 835 708 und
863 650 923 710 ſei
944 653 1060 713 ſelbſt

162 711 400 771 nielmals
425 708 493 768 und
530 708 714 768 herzlichſt
762 709 945 769 gegrüßt
969 714 1061 774 von

385 804 562 864 Deinem

546 869 684 929 Pul
727 893 853 953 Goldm
