1213 1440
63 186 194 246 und
233 186 395 246 ruhiger
422 193 607 253 geſtalten
630 196 749 256 wird
800 199 965 259 wenn

55 255 165 315 dieſe
176 266 378 326 Hoffnung
418 268 477 328 ſich
496 268 639 328 erfüllt
687 270 812 330 haben
844 271 995 331 mird

68 334 224 394 gern
250 336 380 396 müde
406 336 446 396 ich
469 338 549 398 Olge
565 338 649 398 noch
675 340 735 400 ein
798 347 960 407 paar

68 410 238 470 Zeilen
271 412 490 472 ſchreiben.
561 407 672 467 Aber
701 411 749 471 ich
779 413 864 473 habe
890 420 1016 480 krine

72 478 285 538 Mente
345 481 429 541 und
459 478 597 538 trann
627 484 809 544 gerade
836 484 941 544 noch

69 544 211 604 raſch
246 550 418 610 dieſen
466 554 594 614 Brief
638 559 1016 619 fertigſtellen,

61 620 160 680 den
182 625 285 685 Alge
304 626 410 686 auch
440 630 512 690 als
546 634 702 694 einen
759 634 839 694 an
877 646 956 706 ſie

68 700 369 760 gerichteten
419 698 639 758 betrachten
670 700 792 760 ſoll.
832 715 990 775 Liebes

62 775 280 835 Fraulein
308 776 398 836 Olge
476 775 537 835 Ich
566 778 777 838 wünſche
809 780 988 840 Ihnen

73 852 204 912 von
224 852 431 912 ganzem
462 850 617 910 Herzen
696 846 878 906 Glück!
912 847 1019 907 Und

96 925 167 985 es
202 930 336 990 wird
379 928 505 988 Alles
540 929 650 989 ſchon
682 924 776 984 gut
831 931 1055 991 werden

186 1004 382 1064 Wene
394 1002 436 1062 ich
461 1004 557 1064 von
582 1012 1007 1072 Urtheilsloſigkeit

74 1072 174 1132 der
216 1082 410 1142 Wiener
469 1074 690 1134 Freunde
718 1084 974 1144 geſprochen

82 1149 218 1209 hab,
233 1154 270 1214 ſo
301 1154 353 1214 iſt
400 1147 589 1207 wieder
632 1152 842 1212 einmal
885 1155 1030 1215 mein

77 1224 494 1284 ſamperament
558 1223 668 1283 mit
707 1226 807 1286 mir
849 1235 1040 1295 aurch¬

79 1303 384 1363 gegangen.
430 1314 726 1374 Entſchuldige
759 1298 865 1358 den
899 1316 1082 1376 ſhichten
