3727 4593
377 475 895 535 meiner
1024 469 1366 529 Würde
1473 466 1549 526 zu
1678 460 2265 520 drängen,
2357 458 2540 518 und
2684 459 3156 519 nachdem

417 645 622 705 bis
690 638 926 698 zum
1017 629 1284 689 Ende
1360 621 1763 681 Felruar
1900 611 2341 671 immer
2440 608 2638 668 noch
2737 607 3125 667 weder

400 819 870 879 Beſcheid
990 806 1203 866 noch
1304 790 1748 850 Vertrag
1840 776 2034 836 aus
2107 767 2421 827 Wien
2540 761 3261 821 eingetroffen

429 988 984 1048 waren,
1055 956 1855 1016 unterzeichnete
1933 938 2023 998 ich
2107 928 2482 988 einen
2578 920 3004 980 neuen

468 1142 969 1202 Vertrag
1079 1121 1274 1181 mit
1384 1106 1520 1166 der
1639 1078 2334 1138 Frankfurter
2470 1058 3106 1118 Zeitung.

439 1303 892 1363 Geſtern
946 1287 1165 1347 aber
1259 1272 1447 1332 habe
1540 1260 1619 1320 ich
1705 1250 1868 1310 ein
1939 1231 2510 1291 Telegramm
2681 1219 2939 1279 von

380 1488 893 1548 Bacher
947 1459 1400 1519 erhalten
1538 1429 1677 1489 der
1776 1412 1960 1472 ſehr
2068 1388 2467 1448 erzürnt
2566 1370 3012 1430 darüber
3119 1373 3272 1433 iſt.

398 1647 674 1707 daß
785 1634 856 1694 ich
942 1624 1139 1684 nicht
1219 1611 1384 1671 am
1533 1597 1597 1657 1.
1652 1585 2023 1645 März,
2055 1568 2275 1628 wie
2394 1539 3040 1599 wündlich¬

453 1823 1069 1883 beſprochen,
1127 1799 1224 1859 in
1284 1785 1430 1845 der
1558 1744 2134 1804 Redaktion
2222 1712 2319 1772 in
2398 1699 2731 1759 Wien
2789 1708 3444 1768 angetreten,

432 2014 764 2074 bin.
815 1986 934 2046 Ich
985 1968 1155 2028 habe
1240 1947 1394 2007 ihm
1453 1931 1607 1991 den
1734 1900 2380 1960 Sachverhalt
2465 1883 3325 1943 ausenander¬

447 2161 939 2221 geſetzt,
988 2130 1186 2190 und
1300 2105 1517 2165 nach
1594 2082 1897 2142 dieſem
1973 2056 2542 2116 Telegraum
2741 2047 3016 2107 word
3110 2055 3319 2115 mir

420 2327 696 2387 das
796 2305 1300 2365 Verhalten
1387 2274 1551 2334 den
1677 2244 2017 2304 Leute
2105 2220 2319 2280 noch
2482 2203 3237 2263 ratfſelhafter

412 2490 648 2550 als
726 2478 1114 2538 zuvor.

764 2665 979 2725 In
1047 2650 1674 2710 Frankfurt
1762 2616 2055 2676 trete
2173 2595 2282 2655 ich
2359 2585 2458 2645 in
2516 2576 2654 2636 die
2712 2569 3377 2629 Feuilleton¬

454 2828 1210 2888 Redaktion
1298 2820 1543 2880 ein,
1571 2811 1706 2871 als
1775 2793 2265 2853 Adeatas
2319 2773 2497 2833 von
2558 2762 2769 2822 Dr.
2797 2752 3327 2812 Mariroth

412 2994 658 3054 uns
753 2992 935 3052 ſoll
1078 2987 1157 3047 zu
1276 2959 2401 3019 ReiſeMiſſionen
2480 2919 3170 2979 verwendet

441 3156 1008 3216 werden
1102 3156 1334 3216 (in
1405 3144 1732 3204 Herbſt
1832 3124 2074 3184 nach
2198 3096 2843 3156 Rußland,
2976 3088 3123 3148 im

431 3337 950 3397 nächſten
1053 3325 1529 3385 Frühzahr
1608 3307 1754 3367 zur
1868 3285 2286 3345 Pariſer
2412 3249 3418 3309 Weltausſtellung,

451 3526 598 3586 zu
722 3517 1108 3577 großen
1189 3489 1813 3549 Tremieren
1871 3466 1961 3526 in
2043 3438 2725 3498 Deutſchland
2839 3415 3036 3475 und
3119 3408 3225 3468 zu

494 3692 1002 3752 ähnlichen
1040 3674 1731 3734 Anläſſen).
1807 3649 1971 3709 Wa
2306 3624 2411 3684 So
2555 3609 2872 3669 finde
2968 3600 3073 3660 ich

455 3856 761 3916 mich
839 3860 1171 3920 denn,
1240 3852 1479 3912 nach
1547 3843 1616 3903 ſo
1693 3832 1889 3892 viel
2018 3811 2496 3871 Wirrſal
2598 3802 2795 3862 und
2872 3810 3401 3870 Schwanken

534 4026 760 4086 Xh
960 4024 1128 4084 auf
1211 4018 1604 4078 einmal
1688 4011 1797 4071 in
1905 4006 2031 4066 der
2098 4001 2483 4061 kleinen
2533 3998 2875 4058 Stadt,
2935 4002 3319 4062 einſam

482 4198 786 4258 ohne
891 4197 1388 4257 Freunde,
1436 4183 1749 4243 unter
1902 4162 2415 4222 läſtigen
2535 4156 3257 4216 Familien¬
