1143 1438
633 148 901 208 ptEeaueneTensSt
925 148 963 208 19.

82 205 283 265 Beilin,
292 199 351 259 21.
370 209 507 269 Marz,

275 353 464 413 Mein
485 359 617 419 lielr
666 358 883 418 Freund,

129 468 299 528 Reiſe
328 476 542 536 glücklich.
575 478 698 538 Komm
749 486 942 546 geſund,

84 540 324 600 wieder!
381 554 476 614 Und
505 556 628 616 grüße
676 556 761 616 mir
809 558 882 618 das
901 559 1005 619 Land

68 620 160 680 der
183 626 382 686 Sehnſucht!
447 633 501 693 Ich
531 634 692 694 wollte,
704 636 742 696 ich
768 638 921 698 könnte
941 641 1029 701 mit

253 744 385 804 Hier
404 744 508 804 nichts
532 742 709 802 Neues.
745 750 895 810 Wenn
923 750 965 810 ich

61 824 172 884 nicht
208 829 323 889 wie,
354 832 426 892 hat
457 828 560 888 Frau
600 826 719 886 Frida
755 833 965 893 Strindberg

60 906 193 966 hier
235 910 309 970 mit
342 908 426 968 dem
445 905 607 965 jungen
649 912 766 972 Hans
798 918 938 978 Heinz

78 988 241 1048 Vvers
272 991 500 1051 ſchleungſt
521 992 590 1052 iin
635 996 887 1056 Uehältniß

64 1076 373 1136 angefangen.

197 1157 295 1217 daß
334 1163 386 1223 die
432 1165 575 1225 Priesch
620 1159 676 1219 im
715 1158 918 1218 Sommer
953 1167 1040 1227 mit

61 1222 203 1282 uns
235 1236 424 1296 kommen
459 1241 577 1301 ſoll,
589 1241 633 1301 iſt
656 1237 747 1297 mir
798 1238 888 1298 gar
909 1241 1011 1301 nicht

77 1304 246 1364 recht.
281 1304 358 1364 Sie
379 1307 446 1367 hat
470 1310 604 1370 einfach
653 1311 902 1371 defretirt,
916 1312 987 1372 daß
