3971 5852
478 870 814 930 nach
902 881 1225 941 Paris
1325 884 1424 944 zu
1549 882 1923 942 gehen.
2084 878 2458 938 Dieſen
2633 876 3218 936 Vorſchlag

559 1104 861 1164 habe
938 1102 1037 1162 ich
1193 1100 2364 1160 ſelbſtrerſtändlich
2568 1098 3397 1158 abgelehnt,

488 1307 765 1367 und
926 1312 990 1372 ſo
1098 1314 1514 1374 bleilts
1674 1316 2029 1376 beim
2199 1314 2637 1374 Alten.
2777 1310 3461 1370 Glücklicher

561 1515 1047 1575 Weiſe
1183 1518 1363 1578 ma
1635 1520 1850 1580 bin
1996 1520 2087 1580 ich
2280 1520 2855 1580 vorſichtig
2969 1525 3343 1585 gerog

560 1737 1348 1797 geweſen,
1399 1744 1625 1804 hier
1829 1744 2301 1804 meine
2414 1742 3459 1802 Beziehurgen

532 1938 862 1998 noch
947 1961 1220 2021 nicht
1277 1962 2294 2022 abzubrechen.
2394 1942 2766 2002 Sonſt
2880 1944 3267 2004 wäre

523 2186 732 2246 ich
862 2184 1100 2244 jetzt
1191 2182 1491 2242 ohne
1636 2178 2397 2238 Stellung.
2488 2168 3197 2228 Hoffentlich

515 2390 980 2450 erfährt
1093 2398 1434 2458 man
1547 2398 1796 2458 auch
1955 2395 2090 2455 in
2205 2390 2953 2450 rankfurt
3090 2390 3407 2450 nichts

566 2603 849 2663 von
959 2610 1143 2670 den
1253 2614 1919 2674 gehührten
2027 2610 3217 2670 Verhorollungen,
3293 2624 3512 2684 und

529 2806 718 2866 ich
830 2821 1133 2881 bitte
1278 2828 1502 2888 Dich
1681 2830 1848 2890 die
1983 2827 2364 2887 ganze
2587 2830 3561 2890 Angelegenheit

776 3027 1235 3087 diskret
1335 3036 1436 3096 zu
1605 3040 2316 3100 behrndeln.
2495 3040 2795 3100 Aber
2995 3045 3305 3105 was

603 3249 1053 3309 ſagſt
1137 3254 1270 3314 Du
1465 3254 1575 3314 zu
1746 3255 2110 3315 dieſen
2244 3261 3131 3321 Zeitungs¬

489 3466 1267 3526 Paschahs,
1378 3470 1564 3530 die
1759 3473 2147 3533 Einen
2305 3476 2602 3536 über
2769 3471 3029 3531 Hals
3148 3460 3380 3520 und

491 3689 896 3749 Kopf
1081 3683 1243 3743 fer
1533 3675 1649 3735 in
1765 3668 1997 3728 enn
2217 3662 2808 3722 Stellung
2958 3675 3514 3735 hirai¬

637 3890 1087 3950 jetzen
1202 3892 1456 3952 und
1629 3894 1871 3954 erſt
2080 3898 2679 3958 hieterher
2841 3902 3498 3962 mirken,

548 4103 861 4163 daß
996 4100 1100 4160 du
1310 4105 1925 4165 Stellung
2155 4118 2436 4178 noch
2583 4122 2844 4182 gar
3021 4116 3292 4176 nicht

666 4316 997 4376 hrei
1110 4324 1337 4384 iſt?

998 4532 1230 4592 Ich
1287 4532 1596 4592 ſende
1684 4535 1886 4595 Dir
2108 4543 2485 4603 arbei
2650 4551 2968 4611 Dein

581 4753 2369 4813 Burgtheater-Reherat.
2480 4742 2826 4802 Selbſt
2911 4750 3035 4810 ich
3158 4765 3380 4825 habe

486 4950 769 5010 nicht
895 4953 1157 5013 alle
1372 4964 1793 5024 Worte
1974 4976 2157 5036 der
2338 4986 3202 5046 Handſchrift

518 5193 1274 5253 entziffern
1535 5191 2180 5251 köuun,
2367 5188 2627 5248 und
2851 5194 3309 5254 muin
