1141 1437
644 140 915 200 Rtseauenetenese
937 140 979 200 19.

73 212 244 272 Berlin
256 212 294 272 6.
302 223 524 283 September¬

205 376 391 436 Mein
409 383 545 443 lieber
585 399 798 459 Freund,

99 511 201 571 Ich
224 513 283 573 bin
320 516 491 576 wieder
508 523 550 583 in
590 534 758 594 Berlin.
791 543 926 603 Denke
939 551 1025 611 mit

88 602 322 662 Wehmuth
346 601 397 661 an
414 604 472 664 die
506 617 1028 677 entſchwundenenguten

90 678 233 738 Tage
262 686 336 746 und
361 688 442 748 gehe
463 691 541 751 nach
566 692 640 752 halb
680 695 738 755 im
783 697 989 757 Traum¬

75 750 136 810 du
169 757 209 817 ich
230 760 340 820 all’
356 762 423 822 die
481 767 979 827 Widerwärtigkeiten

47 819 145 879 die
175 828 254 888 mich
273 831 345 891 hier
402 834 602 894 ewartet
640 840 776 900 haben.
806 847 998 907 Tauſend

53 895 193 955 Dank
222 902 293 962 für
344 901 445 961 all’
459 910 596 970 Deine
625 916 753 976 Gäte!
800 923 931 983 Viele

71 981 241 1041 Grüße
268 984 329 1044 an
346 984 404 1044 die
431 991 574 1051 lieben
646 998 925 1058 Mädchen,

104 1060 245 1120 Viele
268 1070 413 1130 Grüße
428 1071 499 1131 am
518 1076 600 1136 Dich

412 1148 536 1208 Dein
593 1175 615 1235 P
638 1185 739 1245 aul
808 1216 1056 1276 Goldman

67 1230 225 1290 Bitte,
233 1253 434 1313 empfiehl’
441 1259 514 1319 mich
535 1263 676 1323 Deiner
716 1273 871 1333 Mutter
911 1278 979 1338 und

70 1298 172 1358 richte
201 1305 279 1365 auch
304 1313 354 1373 ihr
382 1316 453 1376 noch
478 1322 545 1382 den
559 1328 787 1388 wärmſten
805 1328 889 1388 Dack
911 1330 1028 1390 aus¬
