3786 5530
749 2036 1270 2096 Venedig
1380 2053 1463 2113 1.
1539 2063 1926 2123 Mtober.

500 2309 922 2369 Mei
1094 2330 1404 2390 lieber
1539 2320 1976 2380 Freund,

494 2576 1124 2636 Herzlichſter
1300 2588 1567 2648 Dark
1754 2585 1952 2645 für
2118 2579 2453 2639 Deinn
2601 2577 2808 2637 Tele
2847 2581 3329 2641 grarue

500 2771 819 2831 loch
899 2784 1072 2844 das
1193 2790 1433 2850 nach
1486 2790 1899 2850 Faenz
2005 2780 2392 2840 erhiebt
2526 2767 2632 2827 ich
2779 2752 3151 2812 hier.

457 2968 658 3028 Ich
745 2976 1043 3036 will
1274 2988 1716 3048 Freitag
1899 2994 2381 3054 Mittag
2505 2989 2707 3049 min
2862 2979 2881 3039 2
3025 2966 3227 3026 von

3239 3090 3292 3150 e

504 3179 782 3239 hier
927 3181 1460 3241 wegfehren
1618 3186 1860 3246 und
2005 3189 2175 3249 bir
2344 3195 3265 3255 dansarrſtag

2730 3264 2891 3335 frü
453 3393 697 3453 mr
851 3396 1079 3456 helb
1193 3399 1437 3459 oder
1600 3404 2382 3464 drewiertel
2529 3404 2732 3464 acht
2838 3403 2959 3463 in
3042 3398 3432 3458 Wien,

513 3590 754 3650 Ich
820 3600 1076 3660 otte
1222 3609 1436 3669 Dich
1557 3615 1771 3675 auf
1866 3619 2025 3679 das
2159 3626 3029 3686 Dungendſte

478 3829 804 3889 lcht
909 3842 1115 3902 zur
1289 3854 1580 3914 Bahn
1668 3862 1754 3922 zu
1891 3870 2650 3930 kormieuxu.
2807 3866 2996 3926 St

479 4048 830 4108 Mio
938 4065 1054 4125 iſt
1204 4074 1642 4134 dauvt
1790 4074 2057 4134 nicht
2228 4069 2452 4129 uo
2623 4069 3370 4129 Mindeſten

478 4265 1161 4325 Herlient.
1265 4278 1388 4338 Du
1540 4286 1805 4346 aber
2005 4296 2554 4356 wößteſt
2706 4300 2904 4360 vor
3047 4302 3085 4362 7

475 4518 740 4578 Ahr
834 4522 1495 4582 aöfſtehen,
1564 4528 2039 4588 wäreſt
2133 4534 2538 4594 diauu
2677 4542 2921 4602 der

518 4767 1067 4827 grugen
1198 4779 1402 4839 Tag
1544 4779 2073 4839 wäde,
2165 4778 2429 4838 und
2623 4780 2734 4840 ich
2896 4790 3222 4850 hatte

482 4965 854 5025 nichts
999 4992 1225 5052 von
1337 5001 1653 5061 Dir.
1731 5007 2080 5067 Bitte,
2115 5010 2373 5070 laß’
2396 5014 2476 5074 es
2577 5022 2780 5082 alſo
2892 5046 3297 5106 bleiben
