3751 4568
1259 520 1995 580 Frankfurt
2159 526 2323 586 12.
2368 524 2818 584 Marz.

910 1099 1519 1159 Mein
1602 1099 2004 1159 lieber
2232 1099 2996 1159 FFreund,

660 1621 1130 1681 Wenn
1223 1630 1348 1690 Du
1485 1641 1761 1701 Ende
1933 1652 2220 1712 April
2346 1658 2621 1718 nach
2737 1652 3138 1712 Berlin

550 1855 971 1915 gehſt,
1019 1853 1529 1913 konnteſt
1686 1853 1813 1913 Du
1950 1853 2058 1913 da
2175 1855 2401 1915 nicht
2489 1855 2714 1915 auf
2792 1854 2959 1914 der
3047 1853 3321 1913 Hin¬

539 2044 858 2104 oder
981 2053 1500 2113 Re«kreift
1713 2045 2003 2105 über
2171 2034 2858 2094 Kranſchiet
2949 2036 3468 2096 keneen!

458 2247 753 2307 Der
849 2265 1393 2325 Unweg
1523 2263 1664 2323 iſt
1854 2251 2257 2311 freilich
2352 2234 2720 2294 groß;
2790 2224 3015 2284 aber
3097 2221 3216 2281 iin

445 2444 1082 2504 Frühling
1166 2455 1302 2515 iſt
1417 2447 2128 2507 FTrankfurt
2201 2432 2348 2492 u.
2389 2424 2556 2484 das
2703 2409 3361 2469 Rheieland

489 2657 800 2717 gar
895 2662 1250 2722 ſchön.
1345 2653 1579 2713 Von
1656 2640 1813 2700 der
2020 2612 2514 2672 Freude,
2548 2596 2660 2656 die
2748 2591 2868 2651 Du
3008 2588 3197 2648 mir

455 2842 1058 2902 machen
1169 2833 1726 2893 würdeſt,
1838 2812 2098 2872 redde
2153 2802 2265 2862 ich
2357 2793 2571 2853 erſt
2637 2785 2859 2845 gar
2970 2783 3184 2843 nicht

802 3077 1160 3137 Von
1232 3074 1404 3134 den
1519 3062 2071 3122 Kritiken
2236 3046 2494 3106 über
2624 3037 3003 3097 Deine
3061 3039 3376 3099 Stücke

567 3278 838 3338 hat
952 3258 1192 3318 mir
1275 3247 1443 3307 die
1526 3240 1734 3300 von
1922 3238 2589 3298 Hirschfeld
2673 3242 2860 3302 am
3006 3252 3392 3312 Beſten

558 3466 1278 3526 gefallen.
1337 3458 1594 3518 Auch
1749 3441 2169 3501 ſcheint
2255 3428 2401 3488 ſie
2486 3419 2709 3479 mir
2889 3407 3087 3467 die

564 3672 1181 3732 richtigſte
1289 3667 1407 3727 zu
1560 3660 1981 3720 ſein.
2047 3652 2123 3712 Er
2241 3644 2555 3704 prägt
2654 3635 2815 3695 ein
2869 3625 3411 3685 trefflichet

475 3881 882 3941 Wort
969 3880 2036 3940 »Anatoliserans«
2158 3855 2366 3915 und
2453 3845 2704 3905 ſagt
2792 3835 2991 3895 mit
3077 3829 3416 3889 Rucht,

524 4093 811 4153 für
909 4091 1100 4151 Dich
1172 4085 1329 4145 ſei
1424 4080 1508 4140 es
1677 4063 2228 4123 wichtig,
2288 4046 2493 4106 aus
2553 4031 3056 4091 dieſem

646 880 792 1043 Ich
821 880 1077 1043 danke
1121 880 1231 1043 den
1282 880 1581 1043 Deinen
1699 880 2232 1043 namentlich
2276 880 2583 1043 Deiner
2685 880 2941 1043 rau
3066 880 3467 1043 Mutter

578 736 760 895 für
829 736 981 895 alle
1028 736 1149 895 ihre
1242 736 1997 895 liebenswürdigen
2096 736 2821 895 Intentionen.
2882 736 3080 895 Auch
3179 736 3363 895 nur

362 566 540 775 thut
599 566 659 775 es
726 566 1380 775 unendlichleid,
1406 566 1524 775 daß
1600 566 1694 775 die
1737 566 2050 775 Wiener
2144 566 2449 775 Projekte
2482 566 2568 775 ſich
2619 566 2754 775 richt
2814 566 3399 775 raliſiethaben.

405 441 668 607 Meine
713 441 1090 607 Geſammte

414 345 778 460 Familie
834 345 1093 460 grüßt
1142 345 1261 460 Dch

757 276 1161 364 herzlichſt
