3744 4562
1467 483 1994 543 Frenkfurt
2081 518 2220 578 2..
2269 533 2521 593 Mai.

754 815 957 875 Me¬
1142 864 1453 924 lieber
1531 863 1968 923 Freund,

503 1114 940 1174 Wieder
1014 1147 1184 1207 habe
1238 1161 1313 1221 ich
1366 1172 1472 1232 der
1525 1193 1910 1253 Scnotrrrg
1984 1222 2379 1282 ebwarten
2453 1248 2805 1308 merſſer,
2858 1265 2987 1325 um
3082 1279 3210 1339 ein

469 1266 691 1326 hein
769 1292 1040 1352 Stunde
1127 1317 1263 1377 für
1350 1337 1563 1397 einer
1669 1363 1883 1423 Brief
1942 1379 2038 1439 er
2106 1392 2252 1452 Dich
2319 1403 2377 1463 zu
2484 1422 2861 1482 finder.

712 1442 835 1502 ch
905 1464 1153 1524 dienke
1208 1485 1333 1545 Dir
1443 1508 1568 1568 don
1609 1530 1859 1590 Herzer
1913 1554 2052 1614 für
2121 1581 2382 1641 Deine
2425 1609 2660 1669 litzter
2728 1631 2812 1691 li
2839 1645 2990 1705 eber
3060 1663 3170 1723 dei
3199 1675 3295 1735 ehe

512 1570 809 1630 ſarin
865 1602 996 1662 fir
1051 1622 1146 1682 di
1238 1669 1779 1729 Überſerdung
1853 1712 1945 1772 des
2058 1744 2337 1804 Genen
2431 1781 2691 1841 Kiter
2747 1804 2878 1864 u.
2933 1815 2952 1875 1
3025 1827 3157 1887 des

473 1752 929 1812 Fineben
967 1783 1061 1843 iſt
1118 1810 1423 1870 wrche
1480 1840 1593 1900 des
1670 1884 2221 1944 getchnontndl
2277 1924 2430 1984 als
2449 1947 2827 2007 geſteitel,
2886 1968 3018 2028 und
3074 1977 3208 2037 fir

478 1860 633 1920 die
702 1900 894 1960 bie
980 1954 1450 2014 Verdnung,
1502 1990 1606 2050 dir
1677 2008 1798 2068 des
1867 2044 2319 2104 eiteeblcke
2423 2099 2736 2159 Zieit.

756 2050 981 2110 Wein
1047 2089 1294 2149 liten
1339 2124 1541 2184 Beiche
1589 2156 1789 2216 und.
1836 2181 1991 2241 Ge
2016 2197 2105 2257 ſi
2172 2215 2374 2275 ber
2488 2233 2621 2293 aar
2586 2287 2624 2347 H
2679 2279 2842 2339 ſhon
2889 2286 3183 2346 etwos

502 2183 868 2243 Bige
992 2244 1328 2304 Sſches
1419 2283 1604 2343 uich
1725 2313 1879 2373 ioch
1940 2328 1970 2388 –
2094 2348 2245 2408 der
2336 2376 2581 2436 noht
2706 2410 2951 2470 Shlb
3042 2433 3072 2493 u
3226 2459 3377 2519 der

486 2321 1041 2381 Lergiden
1131 2374 1392 2434 Blaich
1482 2408 1627 2468 ich
1714 2440 1950 2500 wich
2037 2478 2272 2538 uuh:
2330 2511 2565 2571 wrl
2652 2539 2768 2599 dr
2830 2561 3033 2621 ſchr
3091 2589 3355 2649 uule

465 2468 859 2528 Snden
920 2526 1498 2586 Verrigen
1559 2573 1799 2633 fdg
1893 2603 2104 2663 brr
2164 2623 2228 2683 g
2288 2635 2348 2695 e
2438 2659 2683 2719 Deiher
2743 2688 2927 2748 ſehr
3017 2714 3107 2774 ge

464 2593 685 2653 nicht
752 2642 1087 2702 wichen.
1109 2675 1267 2735 Aer
1311 2691 1378 2751 1u
1444 2709 1580 2769 hal
1668 2729 1779 2789 ſl
1801 2742 1912 2802 ich
1959 2757 2092 2817 har
2181 2778 2313 2838 dier
2360 2798 2560 2858 Habu
2626 2818 2740 2878 ig
2828 2842 2983 2902 noch
3050 2877 3363 2937 bezulg

473 2756 693 2816 en
788 2789 917 2849 ir
980 2814 1200 2874 Wir
1263 2839 1424 2899 der
1487 2860 1676 2920 Der
1743 2878 1837 2938 de
1931 2911 2344 2971 Verdebe
2470 2951 2595 3011 des
2694 3013 3358 3073 Meberlg

424 2896 585 2956 Dn
639 2942 1044 3002 brichen
1128 2995 1506 3055 Dchricge
1614 3034 1831 3094 mir
1885 3064 2183 3124 gerzen
2237 3099 2535 3159 Mbäud
2616 3133 2750 3193 ſech
2833 3164 2994 3224 er
3075 3212 3346 3272 berfel

471 3087 887 3147 drihn
987 3134 1209 3194 widt
1276 3152 1308 3212 K
1435 3171 1597 3231 urh
1629 3186 1788 3246 hal
1887 3204 2014 3264 ich
2077 3221 2240 3281 der
2335 3258 2819 3318 Läheder
2914 3315 3204 3375 ſebe

455 3211 592 3271 Do
681 3239 779 3299 Du
868 3266 1015 3326 biſt,
1084 3304 1438 3364 vielleicht
1526 3333 1733 3393 kann
1792 3338 1851 3398 ich
1889 3350 2105 3410 doch
1661 3405 1800 3465 Dit
1865 3413 2300 3473 aufffelßtch
2358 3428 2677 3488 einial
2759 3446 2972 3506 raſch
3030 3473 3423 3533 igerd.

1664 3390 2211 3473 Dich aufhältſt.
460 3374 690 3434 iche
793 3413 1089 3473 Bra
1323 3456 1455 3516 dr
1520 3474 1623 3534 dr
1689 3493 1886 3553 et
1956 3520 2186 3580 frl
2219 3545 2453 3605 vonr
2519 3569 2650 3629 Br
2753 3592 2852 3652 er
2950 3635 3448 3695 Schreben

427 3520 651 3580 nach
689 3556 1165 3616 Frankhurt
1277 3605 1677 3665 tonnoſt,
1714 3633 1828 3693 ber
1902 3649 1977 3709 ich
2064 3679 2503 3739 jederfalls
2552 3708 2689 3768 da.

605 3722 1003 3782 Affeire
1094 3763 1424 3823 Thordl.
1492 3785 1595 3845 Ich
1629 3796 1788 3856 habe
1846 3814 2084 3874 keine
2176 3841 2540 3901 Ahrung
2642 3867 2847 3927 mehr
2938 3888 3085 3948 von
3166 3905 3313 3965 den

491 3875 1096 3935 hetroffenen
1200 3948 1951 4008 Aberrerhurgen.
1983 3995 2431 4055 Jerdenfalls
2516 4016 2672 4076 haſt
2734 4025 2838 4085 Du
2933 4032 3162 4092 zum

477 4049 1089 4109 Mindeſten
1197 4089 1566 4149 Anſprug
1638 4110 1792 4170 auf
1873 4122 1980 4182 die
2097 4142 2412 4202 Hälfte
2493 4160 2629 4220 des
2773 4185 3250 4245 Hororans
