3966 5841
378 846 747 906 Was
834 836 1019 896 ſoll
1138 836 1237 896 ich
1302 836 1399 896 da
1574 842 2074 902 machen?
2216 847 2531 907 Was
2749 835 3118 895 kenn

420 1060 634 1120 ich
704 1056 947 1116 dort
1036 1050 1564 1110 werden?
1779 1048 2024 1108 Das
2092 1048 2210 1108 iſt
2298 1050 2473 1110 ein
2631 1055 3002 1115 Boden

499 1262 743 1322 auf
818 1272 1287 1332 welchem
1425 1272 2575 1332 Sumpfplanzen,
2704 1274 3034 1334 wie

505 1488 932 1548 Bahr
1020 1488 1636 1548 gedeifen,
1750 1484 1975 1544 eicht
2077 1481 2328 1541 ich.
2466 1480 2618 1540 Da
2818 1481 3146 1541 heißt

510 1725 675 1785 es
770 1713 1113 1773 ſeine
1268 1710 1777 1770 Sehnſucht
1873 1718 2654 1778 bezwingen
2796 1706 3057 1766 und

423 1933 807 1993 ſtark
925 1926 1237 1986 ſein.

1023 2101 1218 2161 Ich
1281 2112 1648 2172 lernte
1734 2120 1991 2180 hier
2164 2120 2373 2180 den
2594 2113 3010 2173 Froh.

436 2348 972 2408 Singer
1040 2344 1635 2404 kennen.
1820 2343 2336 2403 Braver
2552 2355 3165 2415 Mann,

442 2560 772 2620 Aber
872 2570 1368 2630 durchaus
1577 2557 2504 2617 unkünſtleriſch
2670 2548 2891 2608 und

454 2777 753 2837 auch
832 2794 1727 2854 unperſönlich;
1888 2787 2014 2847 iſt
2094 2785 2392 2845 ganz
2587 2788 2863 2848 von

494 2999 1121 3059 Kanner
1218 3008 2080 3068 hypnotiſirt;
2250 2994 2461 3054 und
2546 2990 2670 3050 iſt
2792 2992 3124 3052 ſchon

421 3224 709 3284 ſehr
813 3212 2740 3272 Zeitungs-Herauszeler«,
2779 3242 3251 3302 welcher

422 3419 1274 3479 durchdrungen
1338 3422 1738 3482 davon
1874 3420 2117 3480 iſt,
2190 3420 2370 3480 daß
2507 3420 2664 3480 die
2769 3423 3243 3483 »Zeit«

515 3638 1173 3698 Öſterreich
1300 3642 1502 3702 und
1724 3637 1968 3697 auch
2053 3634 2244 3694 ein
2435 3639 2945 3699 wenig

580 3859 773 3919 die
914 3858 1222 3918 Welt
1407 3858 2014 3918 regiert.

1084 4064 1439 4124 Wie
1486 4060 1746 4120 ſtehts
1862 4062 2063 4122 mit
2149 4060 2948 4120 »Freiwild«

394 4290 633 4350 und
716 4299 1170 4359 Deinem
1397 4289 1791 4349 neuen
1947 4277 2377 4337 Stück?
2568 4284 3320 4344 Scheenthes

429 4521 1245 4581 Autsantritt
1389 4514 1819 4574 ändert
1986 4500 2592 4560 natürlich
2711 4494 3014 4554 nichts

437 4713 633 4773 an
707 4723 830 4783 der
923 4732 1515 4792 Thatſache,
1649 4726 1836 4786 daß
2043 4716 2344 4776 Dein
2488 4708 2862 4768 Stenk

432 4964 722 5024 bald
829 4959 1335 5019 geſpielt
1529 4936 2486 4996 wird......
