3751 4568
309 509 1090 569 Thatſächlich
1219 492 1446 552 von
1544 479 1713 539 Tag
1822 470 1910 530 zu
2049 463 2296 523 Tage
2454 471 3018 531 gezerrt

325 670 781 730 wurde
897 667 1071 727 und
1169 654 1741 714 ſchlüeßlich
1847 640 1916 700 ſo
2032 629 2391 689 muthl
2430 625 2517 685 os
2633 623 2973 683 nur

322 853 470 913 ſo
556 855 980 915 degovte
1066 847 1172 907 de
1258 835 1630 895 tout,
1683 820 1854 880 daß
1971 810 2067 870 ich
2141 801 2332 861 much
2408 794 2716 854 ſelbſt
2832 793 2950 853 zu

332 1023 729 1083 einem
795 1018 1039 1078 Brief
1116 1011 1250 1071 an
1382 999 1570 1059 Dich
1691 989 1891 1049 nicht
1979 983 2267 1043 mehr
2466 959 3196 1019 aufzuraffen

362 1204 1010 1264 vermöchte.

621 1385 897 1445 Die
986 1366 1161 1426 N.
1206 1357 1383 1417 Fr.
1449 1349 1636 1409 ſr.
1735 1345 1868 1405 iſt
1935 1339 2497 1399 übrigens
2597 1335 3192 1395 beleidigt

314 1552 626 1612 und
720 1553 1238 1613 entrüſtet
1437 1528 1636 1588 und
1711 1511 1976 1571 ſucht
2079 1495 2249 1555 die
2447 1487 3032 1547 Sachlage

339 1752 666 1812 jetzt
735 1749 802 1809 ſo
903 1744 1005 1804 zu
1084 1731 1423 1791 drehen
1548 1712 1695 1772 als
1796 1699 1955 1759 ſei
2022 1691 2135 1751 ich
2293 1682 3061 1742 konkrackt-¬

356 1959 805 2019 brüchig
869 1934 1494 1994 geworden.

665 2116 843 2176 Ich
885 2119 1097 2179 lebe
1181 2117 1371 2177 ſeit
1497 2113 1950 2173 Wochen
2034 2107 2193 2167 im
2319 2103 2731 2163 Hotel,
2805 2102 2932 2162 in

389 2317 821 2377 einer
998 2315 1484 2375 geradezu
1616 2284 2517 2344 verzweifelten
2614 2267 3021 2327 Unord

374 2500 937 2560 nung.
973 2491 1080 2551 So
1151 2478 1571 2538 genets
1678 2455 1965 2515 auch
2025 2442 2229 2502 das
2336 2430 3197 2490 Maauſtript

364 2681 615 2741 des
699 2656 1344 2716 »Kortailu«
1444 2630 1595 2690 an
1678 2614 1955 2674 einen
2047 2597 2416 2657 Platz,
2491 2589 2675 2649 wo
2809 2587 2893 2647 es
2985 2589 3219 2649 mir

329 2848 656 2908 auf
718 2831 902 2891 den
983 2815 1415 2875 Augen
1538 2787 2343 2847 entſchwand;
2404 2760 2599 2820 und
2678 2741 2846 2801 als
2961 2720 3093 2780 ich

323 2936 426 2996 Du
488 2923 639 2983 fud

311 3026 439 3086 es
526 3005 1290 3065 wiederhand,
1376 2983 1625 3043 hatte
1678 2973 1764 3033 ich
1840 2962 2044 3022 nicht
2173 2922 2442 2982 mehr
2561 2911 2701 2971 die
2830 2935 3357 2995 Energie¬

266 3163 493 3223 Dir
598 3158 976 3218 meine
1047 3147 1757 3207 Schlamperer
1889 3126 2652 3186 einzugeſtehen
2740 3112 2906 3172 und
2995 3107 3187 3167 Dich

260 3303 585 3363 um
651 3304 1463 3364 Entſchuldigung
1569 3296 1654 3356 zu
1751 3286 2179 3346 bitten.
2266 3275 2400 3335 Och
2466 3269 2658 3329 habe
2753 3258 3173 3318 meine

306 3472 1289 3532 Nachläſſigkeit
1394 3458 1807 3518 ſeitdem
1860 3443 2009 3503 oft
2079 3427 2457 3487 bereut
2623 3410 2825 3470 und
2914 3405 3054 3465 die
3097 3404 3291 3464 Art

307 3648 630 3708 wie
699 3634 813 3694 Du
917 3622 1040 3682 ſie
1118 3615 1197 3675 in
1258 3603 1729 3663 Deinem
1878 3592 2218 3652 Briefe
2315 3586 2986 3646 erwähnſt,
3057 3589 3178 3649 iſt

299 3788 506 3848 die
588 3778 976 3838 gerechte
1059 3765 1393 3825 Strafe
1456 3753 1763 3813 dafür
1972 3742 2135 3802 die
2198 3739 2297 3799 ich
2379 3736 2577 3796 nur
2687 3736 2850 3796 als
2949 3742 3310 3802 ver¬

391 3955 776 4015 Dieut
843 3937 1375 3997 hinnehmen
1455 3920 1847 3980 kann.

687 4085 1028 4145 Viele
1069 4084 1341 4144 treue
1410 4079 1853 4139 Grüße!
2071 4067 2443 4127 Dein

2236 4219 2556 4279 Paue
2657 4200 3262 4260 Goldmun
303 4219 655 4279 Grüße
705 4228 828 4288 an
878 4232 1137 4292 Deine
1201 4230 1762 4290 Freundie!
