1209 1441
140 136 266 196 mir
294 138 514 198 dieſellen
551 150 758 210 Bücher,
767 154 840 214 die
856 154 905 214 er
958 154 1043 214 Dir

137 234 438 294 geſandt.
479 233 545 293 Ich
571 238 668 298 habe
688 242 775 302 ihm
801 244 872 304 ein
898 252 1066 312 ſchönes

139 325 472 385 Werkhuber
506 331 938 391 Schmederrbeit
964 340 1074 400 mit

138 410 610 470 Nachaildungen
652 412 777 472 alter
819 419 1095 479 Meiſter¬

140 490 313 550 ſtücke
342 494 410 554 im
478 498 700 558 Betrage
733 500 839 560 vn
891 502 966 562 30
996 509 1064 569 Mt

121 568 229 628 als
259 576 647 636 gegengeſchenk
706 584 994 644 geſandt.

132 662 297 722 Dann
318 662 406 722 gibt
432 665 479 725 es
515 668 593 728 ein
640 670 743 730 noch
769 670 873 730 viel
914 699 1121 759 ſchöneres

147 757 344 817 Werk
379 762 615 822 derſelben
655 766 786 826 Art,
799 768 883 828 das
917 783 970 843 94
996 796 1062 856 ſſ

127 852 328 912 koſtet,
338 850 544 910 betitelt.
588 854 669 914 Die
713 861 876 921 deutſche
909 888 1144 948 Schmiede.

153 942 382 1002 kunſt!
438 948 552 1008 Mir
582 948 744 1008 allein
787 955 850 1015 iſt
876 961 922 1021 es
960 968 1007 1028 zu

163 1024 420 1084 theuer.
454 1026 695 1086 Möchteſt
723 1033 790 1093 Du
852 1036 941 1096 Dich
970 1044 1076 1104 mit

171 1113 296 1173 der
327 1116 488 1176 Hälſte
544 1122 872 1182 betheiligen.
887 1140 1109 1200 Davon

152 1208 348 1268 würde
371 1210 451 1270 der
513 1212 723 1272 Mann
777 1228 1107 1288 wemoſrnt

150 1300 369 1360 Aarl
448 1310 614 1370 etwas
673 1310 1024 1370 Oedentliches
