<?xml version="1.0" encoding="UTF-8" standalone="yes"?>
<PcGts xmlns="http://schema.primaresearch.org/PAGE/gts/pagecontent/2013-07-15" xmlns:xsi="http://www.w3.org/2001/XMLSchema-instance" xsi:schemaLocation="http://schema.primaresearch.org/PAGE/gts/pagecontent/2013-07-15 http://schema.primaresearch.org/PAGE/gts/pagecontent/2013-07-15/pagecontent.xsd">
    <Metadata>
        <Creator>prov=READ-COOP:name=PyLaia@TranskribusPlatform:version=1.2.0:model_id=49503:lm=none:date=15_02_2023_10:06</Creator>
        <Created>2022-04-04T16:26:01.523+02:00</Created>
        <LastChange>2023-03-14T16:55:02.449+01:00</LastChange>
        <TranskribusMetadata docId="962554" pageId="37299527" pageNr="104" tsid="116808636" status="IN_PROGRESS" userId="64420" imgUrl="https://files.transkribus.eu/Get?id=AROBGCLFLGQMBDMZOAUGMENE&amp;fileType=view" xmlUrl="https://files.transkribus.eu/Get?id=OPFVVAGRCCTBHXOSNGLJTYUD" imageId="30076568"/>
    </Metadata>
    <Page imageFilename="DLA_1901_00104 DLA_85.1.3171_00087.jpg" imageWidth="1138" imageHeight="1431">
        <ReadingOrder>
            <OrderedGroup id="ro_1687340687827" caption="Regions reading order">
                <RegionRefIndexed index="0" regionRef="TextRegion_1678808310806_1290"/>
            </OrderedGroup>
        </ReadingOrder>
        <TextRegion id="TextRegion_1678808310806_1290" custom="readingOrder {index:0;}">
            <Coords points="68,162 687,115 988,115 1009,162 1072,492 1072,1112 1068,1370 75,1370 56,1112 56,492"/>
            <TextLine id="tr_3_tl_1" custom="readingOrder {index:0;} structure {type:paragraph;} place {offset:0; length:18;} pre-print {offset:0; length:18;} letter-begin {offset:0; length:0;}">
                <Coords points="681,174 731,170 762,183 799,171 820,181 859,174 907,190 934,175 987,180 985,134 892,150 867,137 837,144 801,134 731,149 680,143"/>
                <Baseline points="687,165 715,167 743,167 772,167 800,167 829,167 857,167 886,167 914,167 943,167 971,168 988,168"/>
                <Word id="tr_3_tl_1_w1" custom="readingOrder {index:0;}">
                    <Coords points="673,127 673,187 937,187 937,127"/>
                    <TextEquiv>
                        <Unicode>Gtssauenetenese</Unicode>
                    </TextEquiv>
                </Word>
                <Word id="tr_3_tl_1_w2" custom="readingOrder {index:1;}">
                    <Coords points="959,128 959,188 997,188 997,128"/>
                    <TextEquiv>
                        <Unicode>19.</Unicode>
                    </TextEquiv>
                </Word>
                <TextEquiv>
                    <Unicode>Dessauerstrasse 19</Unicode>
                </TextEquiv>
            </TextLine>
            <TextLine id="line_1678808316577_1296" custom="readingOrder {index:1;} dateline {offset:0; length:19;} opener {offset:0; length:19; continued:true;} place {offset:0; length:6;} date {offset:8; length:10;}">
                <Coords points="65,173 196,204 288,169 364,191 515,187 515,264 460,235 67,217"/>
                <Baseline points="74,212 102,216 130,218 159,220 187,222 216,222 244,223 273,223 301,227 330,229 358,231 387,233 415,233 444,237 472,239 501,239 515,240"/>
                <Word id="word_1678808316669_1299" custom="readingOrder {index:0;}">
                    <Coords points="501,204 515,204 515,264 501,264"/>
                    <TextEquiv>
                        <Unicode>Oſt</Unicode>
                    </TextEquiv>
                </Word>
                <Word id="tr_2_tl_1_w1" custom="readingOrder {index:1;}">
                    <Coords points="62,178 62,238 211,238 211,178"/>
                    <TextEquiv>
                        <Unicode>Terlin</Unicode>
                    </TextEquiv>
                </Word>
                <Word id="tr_2_tl_1_w2" custom="readingOrder {index:2;}">
                    <Coords points="243,183 243,243 290,243 290,183"/>
                    <TextEquiv>
                        <Unicode>7.</Unicode>
                    </TextEquiv>
                </Word>
                <Word id="tr_2_tl_1_w3" custom="readingOrder {index:3;}">
                    <Coords points="320,193 320,253 487,253 487,193"/>
                    <TextEquiv>
                        <Unicode>Obtober.</Unicode>
                    </TextEquiv>
                </Word>
                <TextEquiv>
                    <Unicode>Berlin, 7. Oktober.</Unicode>
                </TextEquiv>
            </TextLine>
            <TextLine id="tr_2_tl_2" custom="readingOrder {index:2;} salute {offset:0; length:19;} opener {offset:0; length:19; continued:true;}">
                <Coords points="195,350 733,372 767,359 765,311 649,277 539,340 432,299 311,328 191,280"/>
                <Baseline points="201,337 229,339 258,341 286,343 315,345 343,347 371,347 400,347 428,347 457,349 485,351 514,351 542,353 571,353 599,353 628,354 656,356 685,358 713,358 742,360 775,372"/>
                <Word id="tr_2_tl_2_w1" custom="readingOrder {index:0;}">
                    <Coords points="188,302 188,362 363,362 363,302"/>
                    <TextEquiv>
                        <Unicode>Mein</Unicode>
                    </TextEquiv>
                </Word>
                <Word id="tr_2_tl_2_w2" custom="readingOrder {index:1;}">
                    <Coords points="400,310 400,370 549,370 549,310"/>
                    <TextEquiv>
                        <Unicode>lieber</Unicode>
                    </TextEquiv>
                </Word>
                <Word id="tr_2_tl_2_w3" custom="readingOrder {index:2;}">
                    <Coords points="597,318 597,378 777,378 777,318"/>
                    <TextEquiv>
                        <Unicode>Freund,</Unicode>
                    </TextEquiv>
                </Word>
                <TextEquiv>
                    <Unicode>Mein lieber Freund,</Unicode>
                </TextEquiv>
            </TextLine>
            <TextLine id="tr_2_tl_3" custom="readingOrder {index:3;} structure {type:paragraph;}">
                <Coords points="89,429 647,458 787,513 875,472 941,507 1005,482 977,408 644,440 267,379 179,413 88,390"/>
                <Baseline points="96,419 125,423 153,427 182,428 210,432 239,434 267,434 296,436 324,436 353,436 381,438 409,438 438,438 466,440 495,442 523,444 552,447 580,449 609,449 637,453 666,453 694,455 723,457 751,457 780,459 808,459 836,461 865,459 893,459 922,457 950,459 979,459 1027,461 1009,459"/>
                <Word id="tr_2_tl_3_w1" custom="readingOrder {index:0;}">
                    <Coords points="85,385 85,445 204,445 204,385"/>
                    <TextEquiv>
                        <Unicode>Dein</Unicode>
                    </TextEquiv>
                </Word>
                <Word id="tr_2_tl_3_w2" custom="readingOrder {index:1;}">
                    <Coords points="223,394 223,454 316,454 316,394"/>
                    <TextEquiv>
                        <Unicode>Brief</Unicode>
                    </TextEquiv>
                </Word>
                <Word id="tr_2_tl_3_w3" custom="readingOrder {index:2;}">
                    <Coords points="327,396 327,456 369,456 369,396"/>
                    <TextEquiv>
                        <Unicode>iſt</Unicode>
                    </TextEquiv>
                </Word>
                <Word id="tr_2_tl_3_w4" custom="readingOrder {index:3;}">
                    <Coords points="398,398 398,458 450,458 450,398"/>
                    <TextEquiv>
                        <Unicode>im</Unicode>
                    </TextEquiv>
                </Word>
                <Word id="tr_2_tl_3_w5" custom="readingOrder {index:4;}">
                    <Coords points="473,407 473,467 634,467 634,407"/>
                    <TextEquiv>
                        <Unicode>Ganzen</Unicode>
                    </TextEquiv>
                </Word>
                <Word id="tr_2_tl_3_w6" custom="readingOrder {index:5;}">
                    <Coords points="671,416 671,476 757,476 757,416"/>
                    <TextEquiv>
                        <Unicode>recht</Unicode>
                    </TextEquiv>
                </Word>
                <Word id="tr_2_tl_3_w7" custom="readingOrder {index:6;}">
                    <Coords points="775,419 775,479 977,479 977,419"/>
                    <TextEquiv>
                        <Unicode>erfreulich,</Unicode>
                    </TextEquiv>
                </Word>
                <TextEquiv>
                    <Unicode>Dein Brief iſt im Ganzen recht erfreulich, –</Unicode>
                </TextEquiv>
            </TextLine>
            <TextLine id="tr_2_tl_4" custom="readingOrder {index:4;}">
                <Coords points="62,495 984,553 1003,496 512,501 271,442 60,450"/>
                <Baseline points="68,483 96,485 125,485 153,489 182,489 210,491 239,493 267,495 296,497 324,499 353,504 381,506 409,508 438,508 466,510 495,512 523,516 552,518 580,518 609,518 637,518 666,521 694,521 723,523 751,525 780,525 808,525 836,527 865,527 893,525 922,525 950,527 979,529 1007,531 1009,529"/>
                <Word id="tr_2_tl_4_w1" custom="readingOrder {index:0;}">
                    <Coords points="56,445 56,505 159,505 159,445"/>
                    <TextEquiv>
                        <Unicode>mit</Unicode>
                    </TextEquiv>
                </Word>
                <Word id="tr_2_tl_4_w2" custom="readingOrder {index:1;}">
                    <Coords points="183,457 183,517 409,517 409,457"/>
                    <TextEquiv>
                        <Unicode>Ausnahae</Unicode>
                    </TextEquiv>
                </Word>
                <Word id="tr_2_tl_4_w3" custom="readingOrder {index:2;}">
                    <Coords points="424,469 424,529 490,529 490,469"/>
                    <TextEquiv>
                        <Unicode>von</Unicode>
                    </TextEquiv>
                </Word>
                <Word id="tr_2_tl_4_w4" custom="readingOrder {index:3;}">
                    <Coords points="546,481 546,541 852,541 852,481"/>
                    <TextEquiv>
                        <Unicode>Kopfſchmeizen</Unicode>
                    </TextEquiv>
                </Word>
                <Word id="tr_2_tl_4_w5" custom="readingOrder {index:4;}">
                    <Coords points="911,486 911,546 980,546 980,486"/>
                    <TextEquiv>
                        <Unicode>und</Unicode>
                    </TextEquiv>
                </Word>
                <TextEquiv>
                    <Unicode>mit Ausnahme von Kopfſchmerzen und</Unicode>
                </TextEquiv>
            </TextLine>
            <TextLine id="tr_1_tl_1" custom="readingOrder {index:5;}">
                <Coords points="71,583 194,553 317,590 785,579 951,624 1016,599 1014,552 570,560 67,506"/>
                <Baseline points="75,542 104,548 132,550 161,552 189,552 218,554 246,556 275,557 303,557 332,559 360,561 389,563 417,563 446,567 474,569 502,571 531,571 559,573 588,573 616,575 645,575 673,576 702,576 730,578 759,578 787,580 816,582 844,582 873,584 901,584 929,588 958,590 986,594 1015,595 1019,597"/>
                <Word id="tr_1_tl_1_w1" custom="readingOrder {index:0;}">
                    <Coords points="62,513 62,573 372,573 372,513"/>
                    <TextEquiv>
                        <Unicode>hrenklingen,</Unicode>
                    </TextEquiv>
                </Word>
                <Word id="tr_1_tl_1_w2" custom="readingOrder {index:1;}">
                    <Coords points="386,526 386,586 505,586 505,526"/>
                    <TextEquiv>
                        <Unicode>gegen</Unicode>
                    </TextEquiv>
                </Word>
                <Word id="tr_1_tl_1_w3" custom="readingOrder {index:2;}">
                    <Coords points="526,532 526,592 569,592 569,532"/>
                    <TextEquiv>
                        <Unicode>die</Unicode>
                    </TextEquiv>
                </Word>
                <Word id="tr_1_tl_1_w4" custom="readingOrder {index:3;}">
                    <Coords points="591,534 591,594 629,594 629,534"/>
                    <TextEquiv>
                        <Unicode>ich</Unicode>
                    </TextEquiv>
                </Word>
                <Word id="tr_1_tl_1_w5" custom="readingOrder {index:4;}">
                    <Coords points="661,536 661,596 726,596 726,536"/>
                    <TextEquiv>
                        <Unicode>Dir</Unicode>
                    </TextEquiv>
                </Word>
                <Word id="tr_1_tl_1_w6" custom="readingOrder {index:5;}">
                    <Coords points="769,542 769,602 896,602 896,542"/>
                    <TextEquiv>
                        <Unicode>leider</Unicode>
                    </TextEquiv>
                </Word>
                <Word id="tr_1_tl_1_w7" custom="readingOrder {index:6;}">
                    <Coords points="925,550 925,610 1004,610 1004,550"/>
                    <TextEquiv>
                        <Unicode>nicht</Unicode>
                    </TextEquiv>
                </Word>
                <TextEquiv>
                    <Unicode>Ohrenklingen, gegen die ich Dir leider nicht</Unicode>
                </TextEquiv>
            </TextLine>
            <TextLine id="tr_1_tl_2" custom="readingOrder {index:6;}">
                <Coords points="68,632 426,618 487,651 629,627 1010,665 924,611 642,616 588,579 67,584"/>
                <Baseline points="74,599 102,605 130,609 159,613 187,614 216,616 244,616 273,616 301,616 330,618 358,616 387,618 415,618 444,620 472,620 501,622 529,624 557,626 586,626 614,628 643,628 671,630 700,631 728,633 757,637 785,637 814,641 842,643 871,645 899,647 928,649 956,652 984,656 1013,660"/>
                <Word id="tr_1_tl_2_w1" custom="readingOrder {index:0;}">
                    <Coords points="63,569 63,629 198,629 198,569"/>
                    <TextEquiv>
                        <Unicode>halfen</Unicode>
                    </TextEquiv>
                </Word>
                <Word id="tr_1_tl_2_w2" custom="readingOrder {index:1;}">
                    <Coords points="220,576 220,636 343,636 343,576"/>
                    <TextEquiv>
                        <Unicode>kann.</Unicode>
                    </TextEquiv>
                </Word>
                <Word id="tr_1_tl_2_w3" custom="readingOrder {index:2;}">
                    <Coords points="371,578 371,638 450,638 450,578"/>
                    <TextEquiv>
                        <Unicode>Das</Unicode>
                    </TextEquiv>
                </Word>
                <Word id="tr_1_tl_2_w4" custom="readingOrder {index:3;}">
                    <Coords points="475,583 475,643 579,643 579,583"/>
                    <TextEquiv>
                        <Unicode>ſpielt</Unicode>
                    </TextEquiv>
                </Word>
                <Word id="tr_1_tl_2_w5" custom="readingOrder {index:4;}">
                    <Coords points="620,588 620,648 658,648 658,588"/>
                    <TextEquiv>
                        <Unicode>in</Unicode>
                    </TextEquiv>
                </Word>
                <Word id="tr_1_tl_2_w6" custom="readingOrder {index:5;}">
                    <Coords points="676,597 676,657 840,657 840,597"/>
                    <TextEquiv>
                        <Unicode>Deinem</Unicode>
                    </TextEquiv>
                </Word>
                <Word id="tr_1_tl_2_w7" custom="readingOrder {index:6;}">
                    <Coords points="881,611 881,671 1013,671 1013,611"/>
                    <TextEquiv>
                        <Unicode>Laben,</Unicode>
                    </TextEquiv>
                </Word>
                <TextEquiv>
                    <Unicode>helfen kann. Das ſpielt in Deinem Leben</Unicode>
                </TextEquiv>
            </TextLine>
            <TextLine id="tr_1_tl_3" custom="readingOrder {index:7;} latintype {offset:29; length:8;} person {offset:29; length:8;}">
                <Coords points="66,697 270,671 1018,704 1016,676 864,646 649,675 354,627 209,655 133,610 63,635"/>
                <Baseline points="72,658 100,662 129,666 157,668 185,669 214,669 242,671 271,671 299,673 328,675 356,673 385,673 413,675 442,675 470,679 499,681 527,681 556,681 584,683 613,685 641,685 669,687 698,688 726,688 755,690 783,692 812,692 840,694 869,694 897,696 926,696 954,696 983,700 1011,700 1021,700"/>
                <Word id="tr_1_tl_3_w1" custom="readingOrder {index:0;}">
                    <Coords points="58,627 58,687 241,687 241,627"/>
                    <TextEquiv>
                        <Unicode>offenbar</Unicode>
                    </TextEquiv>
                </Word>
                <Word id="tr_1_tl_3_w2" custom="readingOrder {index:1;}">
                    <Coords points="258,634 258,694 401,694 401,634"/>
                    <TextEquiv>
                        <Unicode>dieſelbe</Unicode>
                    </TextEquiv>
                </Word>
                <Word id="tr_1_tl_3_w3" custom="readingOrder {index:2;}">
                    <Coords points="444,641 444,701 580,701 580,641"/>
                    <TextEquiv>
                        <Unicode>Rolle,</Unicode>
                    </TextEquiv>
                </Word>
                <Word id="tr_1_tl_3_w4" custom="readingOrder {index:3;}">
                    <Coords points="592,645 592,705 664,705 664,645"/>
                    <TextEquiv>
                        <Unicode>nie</Unicode>
                    </TextEquiv>
                </Word>
                <Word id="tr_1_tl_3_w5" custom="readingOrder {index:4;}">
                    <Coords points="697,652 697,712 911,712 911,652"/>
                    <TextEquiv>
                        <Unicode>Benedikt</Unicode>
                    </TextEquiv>
                </Word>
                <Word id="tr_1_tl_3_w6" custom="readingOrder {index:5;}">
                    <Coords points="967,660 967,720 1010,720 1010,660"/>
                    <TextEquiv>
                        <Unicode>in</Unicode>
                    </TextEquiv>
                </Word>
                <TextEquiv>
                    <Unicode>offenbar dieſelbe Rolle, wie Benedikt in</Unicode>
                </TextEquiv>
            </TextLine>
            <TextLine id="tr_1_tl_4" custom="readingOrder {index:8;}">
                <Coords points="60,747 144,722 896,774 987,762 985,724 451,682 57,700"/>
                <Baseline points="64,711 92,713 121,717 149,719 178,723 206,723 235,724 263,724 292,726 320,728 349,728 377,730 406,728 434,732 463,736 491,738 520,738 548,740 576,740 605,740 633,740 662,742 690,742 719,745 747,745 776,747 804,747 833,749 861,749 890,751 918,753 947,755 975,757 990,757"/>
                <Word id="tr_1_tl_4_w1" custom="readingOrder {index:0;}">
                    <Coords points="53,674 53,734 149,734 149,674"/>
                    <TextEquiv>
                        <Unicode>dem</Unicode>
                    </TextEquiv>
                </Word>
                <Word id="tr_1_tl_4_w2" custom="readingOrder {index:1;}">
                    <Coords points="170,684 170,744 356,744 356,684"/>
                    <TextEquiv>
                        <Unicode>meinen.</Unicode>
                    </TextEquiv>
                </Word>
                <Word id="tr_1_tl_4_w3" custom="readingOrder {index:2;}">
                    <Coords points="405,690 405,750 443,750 443,690"/>
                    <TextEquiv>
                        <Unicode>Es</Unicode>
                    </TextEquiv>
                </Word>
                <Word id="tr_1_tl_4_w4" custom="readingOrder {index:3;}">
                    <Coords points="467,699 467,759 606,759 606,699"/>
                    <TextEquiv>
                        <Unicode>ſcheint,</Unicode>
                    </TextEquiv>
                </Word>
                <Word id="tr_1_tl_4_w5" custom="readingOrder {index:4;}">
                    <Coords points="625,701 625,761 696,761 696,701"/>
                    <TextEquiv>
                        <Unicode>daß</Unicode>
                    </TextEquiv>
                </Word>
                <Word id="tr_1_tl_4_w6" custom="readingOrder {index:5;}">
                    <Coords points="730,705 730,765 770,765 770,705"/>
                    <TextEquiv>
                        <Unicode>zu</Unicode>
                    </TextEquiv>
                </Word>
                <Word id="tr_1_tl_4_w7" custom="readingOrder {index:6;}">
                    <Coords points="820,711 820,771 971,771 971,711"/>
                    <TextEquiv>
                        <Unicode>jeilem</Unicode>
                    </TextEquiv>
                </Word>
                <TextEquiv>
                    <Unicode>dem meinen. Es ſcheint, daß zu jedem</Unicode>
                </TextEquiv>
            </TextLine>
            <TextLine id="tr_1_tl_5" custom="readingOrder {index:9;} latintype {offset:16; length:8;} person {offset:16; length:8;}">
                <Coords points="76,779 927,831 923,778 75,743"/>
                <Baseline points="83,768 111,768 140,770 168,774 197,776 225,778 254,780 282,781 311,780 339,778 368,780 396,781 425,783 453,785 482,787 510,791 538,793 567,795 595,799 624,799 652,800 681,802 709,802 738,804 766,804 795,804 823,808 852,810 880,808 909,810 929,812"/>
                <Word id="tr_1_tl_5_w1" custom="readingOrder {index:0;}">
                    <Coords points="70,729 70,789 194,789 194,729"/>
                    <TextEquiv>
                        <Unicode>Leben</Unicode>
                    </TextEquiv>
                </Word>
                <Word id="tr_1_tl_5_w2" custom="readingOrder {index:1;}">
                    <Coords points="221,739 221,799 277,799 277,739"/>
                    <TextEquiv>
                        <Unicode>ein</Unicode>
                    </TextEquiv>
                </Word>
                <Word id="tr_1_tl_5_w3" custom="readingOrder {index:2;}">
                    <Coords points="325,740 325,800 466,800 466,740"/>
                    <TextEquiv>
                        <Unicode>wenig</Unicode>
                    </TextEquiv>
                </Word>
                <Word id="tr_1_tl_5_w4" custom="readingOrder {index:3;}">
                    <Coords points="506,759 506,819 710,819 710,759"/>
                    <TextEquiv>
                        <Unicode>Benedikt</Unicode>
                    </TextEquiv>
                </Word>
                <Word id="tr_1_tl_5_w5" custom="readingOrder {index:4;}">
                    <Coords points="761,768 761,828 910,828 910,768"/>
                    <TextEquiv>
                        <Unicode>gehört!</Unicode>
                    </TextEquiv>
                </Word>
                <TextEquiv>
                    <Unicode>Leben ein wenig Benedikt gehört.</Unicode>
                </TextEquiv>
            </TextLine>
            <TextLine id="tr_1_tl_6" custom="readingOrder {index:10;} structure {type:paragraph;} latintype {offset:20; length:5;} person {offset:20; length:4;} latintype {offset:30; length:6;} person {offset:30; length:6;}">
                <Coords points="148,861 1071,902 1067,839 1006,866 572,844 446,793 344,830 145,805"/>
                <Baseline points="153,827 182,831 210,835 239,836 267,838 296,840 324,842 353,844 381,844 409,844 438,848 466,850 495,852 523,855 552,857 580,861 609,863 637,867 666,867 694,867 723,869 751,871 780,873 808,874 836,874 865,874 893,874 922,874 950,876 979,878 1007,882 1036,888 1064,892 1072,893"/>
                <Word id="tr_1_tl_6_w1" custom="readingOrder {index:0;}">
                    <Coords points="141,794 141,854 271,854 271,794"/>
                    <TextEquiv>
                        <Unicode>Gegen</Unicode>
                    </TextEquiv>
                </Word>
                <Word id="tr_1_tl_6_w2" custom="readingOrder {index:1;}">
                    <Coords points="291,801 291,861 338,861 338,801"/>
                    <TextEquiv>
                        <Unicode>ein</Unicode>
                    </TextEquiv>
                </Word>
                <Word id="tr_1_tl_6_w3" custom="readingOrder {index:2;}">
                    <Coords points="378,810 378,870 569,870 569,810"/>
                    <TextEquiv>
                        <Unicode>Auftieten</Unicode>
                    </TextEquiv>
                </Word>
                <Word id="tr_1_tl_6_w4" custom="readingOrder {index:3;}">
                    <Coords points="605,827 605,887 706,887 706,827"/>
                    <TextEquiv>
                        <Unicode>Olgas</Unicode>
                    </TextEquiv>
                </Word>
                <Word id="tr_1_tl_6_w5" custom="readingOrder {index:4;}">
                    <Coords points="723,831 723,891 783,891 783,831"/>
                    <TextEquiv>
                        <Unicode>bei</Unicode>
                    </TextEquiv>
                </Word>
                <Word id="tr_1_tl_6_w6" custom="readingOrder {index:5;}">
                    <Coords points="819,834 819,894 937,894 937,834"/>
                    <TextEquiv>
                        <Unicode>Salten</Unicode>
                    </TextEquiv>
                </Word>
                <Word id="tr_1_tl_6_w7" custom="readingOrder {index:6;}">
                    <Coords points="963,842 963,902 1057,902 1057,842"/>
                    <TextEquiv>
                        <Unicode>wän</Unicode>
                    </TextEquiv>
                </Word>
                <TextEquiv>
                    <Unicode>Gegen ein Auftreten Olgas bei Salten wäre</Unicode>
                </TextEquiv>
            </TextLine>
            <TextLine id="tr_1_tl_7" custom="readingOrder {index:11;}">
                <Coords points="78,932 169,897 239,926 426,906 499,952 670,921 1056,942 1054,903 967,895 75,866"/>
                <Baseline points="83,882 111,884 140,886 168,888 197,892 225,895 254,899 282,901 311,901 339,903 368,905 396,905 425,905 453,907 482,907 510,910 538,912 567,914 595,918 624,918 652,918 681,920 709,920 738,922 766,922 795,924 823,922 852,924 880,926 909,926 937,926 966,928 994,929 1022,933 1051,935 1059,935"/>
                <Word id="tr_1_tl_7_w1" custom="readingOrder {index:0;}">
                    <Coords points="71,843 71,903 130,903 130,843"/>
                    <TextEquiv>
                        <Unicode>ich</Unicode>
                    </TextEquiv>
                </Word>
                <Word id="tr_1_tl_7_w2" custom="readingOrder {index:1;}">
                    <Coords points="152,860 152,920 387,920 387,860"/>
                    <TextEquiv>
                        <Unicode>entſchieden.</Unicode>
                    </TextEquiv>
                </Word>
                <Word id="tr_1_tl_7_w3" custom="readingOrder {index:2;}">
                    <Coords points="428,867 428,927 500,927 500,867"/>
                    <TextEquiv>
                        <Unicode>Soll</Unicode>
                    </TextEquiv>
                </Word>
                <Word id="tr_1_tl_7_w4" custom="readingOrder {index:3;}">
                    <Coords points="526,872 526,932 569,932 569,872"/>
                    <TextEquiv>
                        <Unicode>ihr</Unicode>
                    </TextEquiv>
                </Word>
                <Word id="tr_1_tl_7_w5" custom="readingOrder {index:4;}">
                    <Coords points="598,878 598,938 664,938 664,878"/>
                    <TextEquiv>
                        <Unicode>für</Unicode>
                    </TextEquiv>
                </Word>
                <Word id="tr_1_tl_7_w6" custom="readingOrder {index:5;}">
                    <Coords points="704,882 704,942 777,942 777,882"/>
                    <TextEquiv>
                        <Unicode>alle</Unicode>
                    </TextEquiv>
                </Word>
                <Word id="tr_1_tl_7_w7" custom="readingOrder {index:6;}">
                    <Coords points="827,886 827,946 959,946 959,886"/>
                    <TextEquiv>
                        <Unicode>Zeiten</Unicode>
                    </TextEquiv>
                </Word>
                <Word id="tr_1_tl_7_w8" custom="readingOrder {index:7;}">
                    <Coords points="993,892 993,952 1037,952 1037,892"/>
                    <TextEquiv>
                        <Unicode>die</Unicode>
                    </TextEquiv>
                </Word>
                <TextEquiv>
                    <Unicode>ich entſchieden. Soll ihr für alle Zeiten die</Unicode>
                </TextEquiv>
            </TextLine>
            <TextLine id="tr_1_tl_8" custom="readingOrder {index:12;} textStyle {offset:0; length:1;strikethrough:true;} gap {offset:0; length:0;} comment {offset:2; length:10;comment:habe\u0020schon\u0020mal\u0020einen\u0020Kommentar\u0020dazu\u0020geschrieben,\u0020glaube\u0020ich,\u0020niedere\u0020Komödienbühne;}">
                <Coords points="72,948 442,990 581,969 707,1009 1069,993 1067,958 989,942 647,927 593,959 147,903 72,936"/>
                <Baseline points="79,948 108,948 136,948 165,950 193,954 222,956 250,958 278,958 307,960 335,960 364,960 392,962 421,962 449,962 478,964 506,966 535,967 563,969 592,971 620,973 649,973 677,973 706,973 734,973 762,975 791,975 819,975 848,975 876,977 905,977 933,979 962,983 990,984 1019,986 1047,988 1072,986"/>
                <Word id="tr_1_tl_8_w1" custom="readingOrder {index:0;}">
                    <Coords points="67,920 67,980 564,980 564,920"/>
                    <TextEquiv>
                        <Unicode>»Überbreke-Macke</Unicode>
                    </TextEquiv>
                </Word>
                <Word id="tr_1_tl_8_w2" custom="readingOrder {index:1;}">
                    <Coords points="596,933 596,993 845,993 845,933"/>
                    <TextEquiv>
                        <Unicode>aufgeprägt</Unicode>
                    </TextEquiv>
                </Word>
                <Word id="tr_1_tl_8_w3" custom="readingOrder {index:2;}">
                    <Coords points="872,942 872,1002 1044,1002 1044,942"/>
                    <TextEquiv>
                        <Unicode>werden?</Unicode>
                    </TextEquiv>
                </Word>
                <TextEquiv>
                    <Unicode>X Überbrettl-Marke aufgeprägt werden?</Unicode>
                </TextEquiv>
            </TextLine>
            <TextLine id="tr_1_tl_9" custom="readingOrder {index:13;} latintype {offset:17; length:11;} person {offset:17; length:6;} work {offset:29; length:12;}">
                <Coords points="51,1023 1046,1060 979,998 50,980"/>
                <Baseline points="58,1007 87,1007 115,1007 144,1009 172,1011 201,1013 229,1015 258,1015 286,1017 315,1017 343,1017 371,1017 400,1019 428,1021 457,1022 485,1024 514,1026 542,1026 571,1028 599,1030 628,1030 656,1032 685,1030 713,1028 742,1030 770,1032 799,1034 827,1034 855,1036 884,1038 912,1040 941,1041 969,1041 998,1045 1026,1047 1057,1062"/>
                <Word id="tr_1_tl_9_w1" custom="readingOrder {index:0;}">
                    <Coords points="45,967 45,1027 144,1027 144,967"/>
                    <TextEquiv>
                        <Unicode>Das</Unicode>
                    </TextEquiv>
                </Word>
                <Word id="tr_1_tl_9_w2" custom="readingOrder {index:1;}">
                    <Coords points="164,975 164,1035 338,1035 338,975"/>
                    <TextEquiv>
                        <Unicode>Programm</Unicode>
                    </TextEquiv>
                </Word>
                <Word id="tr_1_tl_9_w3" custom="readingOrder {index:2;}">
                    <Coords points="376,979 376,1039 431,1039 431,979"/>
                    <TextEquiv>
                        <Unicode>der</Unicode>
                    </TextEquiv>
                </Word>
                <Word id="tr_1_tl_9_w4" custom="readingOrder {index:3;}">
                    <Coords points="466,988 466,1048 696,1048 696,988"/>
                    <TextEquiv>
                        <Unicode>Saltenschen</Unicode>
                    </TextEquiv>
                </Word>
                <Word id="tr_1_tl_9_w5" custom="readingOrder {index:4;}">
                    <Coords points="716,997 716,1057 1023,1057 1023,997"/>
                    <TextEquiv>
                        <Unicode>Unternehmung</Unicode>
                    </TextEquiv>
                </Word>
                <TextEquiv>
                    <Unicode>Das Programm der Saltenschen Unternehmung,</Unicode>
                </TextEquiv>
            </TextLine>
            <TextLine id="tr_1_tl_10" custom="readingOrder {index:14;} date {offset:8; length:4;} work {offset:20; length:10;}">
                <Coords points="51,1080 1023,1115 1021,1076 918,1060 726,1082 544,1035 487,1071 50,1040"/>
                <Baseline points="56,1062 85,1064 113,1066 142,1068 170,1068 199,1068 227,1070 256,1072 284,1072 313,1072 341,1072 370,1074 398,1076 427,1077 455,1079 483,1079 512,1081 540,1083 569,1085 597,1087 626,1087 654,1089 683,1091 711,1091 740,1091 768,1093 797,1095 825,1095 854,1096 882,1098 910,1100 939,1100 967,1100 996,1102 1024,1102"/>
                <Word id="tr_1_tl_10_w1" custom="readingOrder {index:0;}">
                    <Coords points="45,1024 45,1084 139,1084 139,1024"/>
                    <TextEquiv>
                        <Unicode>das</Unicode>
                    </TextEquiv>
                </Word>
                <Word id="tr_1_tl_10_w2" custom="readingOrder {index:1;}">
                    <Coords points="161,1028 161,1088 194,1088 194,1028"/>
                    <TextEquiv>
                        <Unicode>ich</Unicode>
                    </TextEquiv>
                </Word>
                <Word id="tr_1_tl_10_w3" custom="readingOrder {index:2;}">
                    <Coords points="214,1032 214,1092 302,1092 302,1032"/>
                    <TextEquiv>
                        <Unicode>heut</Unicode>
                    </TextEquiv>
                </Word>
                <Word id="tr_1_tl_10_w4" custom="readingOrder {index:3;}">
                    <Coords points="321,1032 321,1092 363,1092 363,1032"/>
                    <TextEquiv>
                        <Unicode>in</Unicode>
                    </TextEquiv>
                </Word>
                <Word id="tr_1_tl_10_w5" custom="readingOrder {index:4;}">
                    <Coords points="390,1036 390,1096 446,1096 446,1036"/>
                    <TextEquiv>
                        <Unicode>der</Unicode>
                    </TextEquiv>
                </Word>
                <Word id="tr_1_tl_10_w6" custom="readingOrder {index:5;}">
                    <Coords points="493,1042 493,1102 562,1102 562,1042"/>
                    <TextEquiv>
                        <Unicode>N.</Unicode>
                    </TextEquiv>
                </Word>
                <Word id="tr_1_tl_10_w7" custom="readingOrder {index:6;}">
                    <Coords points="573,1047 573,1107 640,1107 640,1047"/>
                    <TextEquiv>
                        <Unicode>F.</Unicode>
                    </TextEquiv>
                </Word>
                <Word id="tr_1_tl_10_w8" custom="readingOrder {index:7;}">
                    <Coords points="648,1051 648,1111 720,1111 720,1051"/>
                    <TextEquiv>
                        <Unicode>Pr.</Unicode>
                    </TextEquiv>
                </Word>
                <Word id="tr_1_tl_10_w9" custom="readingOrder {index:8;}">
                    <Coords points="747,1054 747,1114 844,1114 844,1054"/>
                    <TextEquiv>
                        <Unicode>liſe,</Unicode>
                    </TextEquiv>
                </Word>
                <Word id="tr_1_tl_10_w10" custom="readingOrder {index:9;}">
                    <Coords points="858,1057 858,1117 905,1117 905,1057"/>
                    <TextEquiv>
                        <Unicode>iſt</Unicode>
                    </TextEquiv>
                </Word>
                <Word id="tr_1_tl_10_w11" custom="readingOrder {index:10;}">
                    <Coords points="935,1060 935,1120 999,1120 999,1060"/>
                    <TextEquiv>
                        <Unicode>ein</Unicode>
                    </TextEquiv>
                </Word>
                <TextEquiv>
                    <Unicode>das ich heut in der N. Fr. Pr. leſe, iſt ein</Unicode>
                </TextEquiv>
            </TextLine>
            <TextLine id="tr_4_tl_1" custom="readingOrder {index:15;}">
                <Coords points="78,1151 750,1149 1066,1213 1062,1123 903,1148 804,1108 665,1134 372,1081 76,1085"/>
                <Baseline points="84,1126 113,1127 142,1129 170,1129 199,1129 227,1129 256,1129 284,1131 313,1133 341,1134 370,1134 398,1134 427,1136 455,1140 483,1140 512,1140 540,1140 569,1142 597,1142 626,1144 654,1144 683,1144 711,1146 740,1148 768,1150 797,1152 825,1155 854,1157 882,1159 910,1161 939,1167 967,1167 996,1170 1024,1170 1053,1172 1068,1172"/>
                <Word id="tr_4_tl_1_w1" custom="readingOrder {index:0;}">
                    <Coords points="72,1089 72,1149 239,1149 239,1089"/>
                    <TextEquiv>
                        <Unicode>größer</Unicode>
                    </TextEquiv>
                </Word>
                <Word id="tr_4_tl_1_w2" custom="readingOrder {index:1;}">
                    <Coords points="283,1100 283,1160 630,1160 630,1100"/>
                    <TextEquiv>
                        <Unicode>Kudtelmuddel.</Unicode>
                    </TextEquiv>
                </Word>
                <Word id="tr_4_tl_1_w3" custom="readingOrder {index:2;}">
                    <Coords points="649,1104 649,1164 716,1164 716,1104"/>
                    <TextEquiv>
                        <Unicode>der</Unicode>
                    </TextEquiv>
                </Word>
                <Word id="tr_4_tl_1_w4" custom="readingOrder {index:3;}">
                    <Coords points="747,1114 747,1174 889,1174 889,1114"/>
                    <TextEquiv>
                        <Unicode>Mann</Unicode>
                    </TextEquiv>
                </Word>
                <Word id="tr_4_tl_1_w5" custom="readingOrder {index:4;}">
                    <Coords points="905,1127 905,1187 1015,1187 1015,1127"/>
                    <TextEquiv>
                        <Unicode>ſcheint</Unicode>
                    </TextEquiv>
                </Word>
                <TextEquiv>
                    <Unicode>großer Kuddelmuddel. Der Mann ſcheint</Unicode>
                </TextEquiv>
            </TextLine>
            <TextLine id="tr_4_tl_2" custom="readingOrder {index:16;} textStyle {offset:0; length:4;strikethrough:true;} unclear {offset:2; length:2;}">
                <Coords points="75,1209 645,1244 736,1214 1000,1230 1009,1193 71,1149"/>
                <Baseline points="79,1180 108,1184 136,1186 165,1186 193,1188 222,1189 250,1189 278,1191 307,1193 335,1195 364,1193 392,1193 421,1195 449,1197 478,1199 506,1201 535,1203 563,1205 592,1205 620,1207 649,1208 677,1208 706,1210 734,1210 762,1212 791,1214 819,1216 848,1216 876,1218 905,1218 933,1220 962,1224 990,1222 1013,1222"/>
                <Word id="tr_4_tl_2_w1" custom="readingOrder {index:0;}">
                    <Coords points="67,1142 67,1202 128,1202 128,1142"/>
                    <TextEquiv>
                        <Unicode>ab</Unicode>
                    </TextEquiv>
                </Word>
                <Word id="tr_4_tl_2_w2" custom="readingOrder {index:1;}">
                    <Coords points="215,1151 215,1211 360,1211 360,1151"/>
                    <TextEquiv>
                        <Unicode>abſolit</Unicode>
                    </TextEquiv>
                </Word>
                <Word id="tr_4_tl_2_w3" custom="readingOrder {index:2;}">
                    <Coords points="410,1157 410,1217 490,1217 490,1157"/>
                    <TextEquiv>
                        <Unicode>richt</Unicode>
                    </TextEquiv>
                </Word>
                <Word id="tr_4_tl_2_w4" custom="readingOrder {index:3;}">
                    <Coords points="524,1163 524,1223 562,1223 562,1163"/>
                    <TextEquiv>
                        <Unicode>zu</Unicode>
                    </TextEquiv>
                </Word>
                <Word id="tr_4_tl_2_w5" custom="readingOrder {index:4;}">
                    <Coords points="608,1169 608,1229 784,1229 784,1169"/>
                    <TextEquiv>
                        <Unicode>miſſen,</Unicode>
                    </TextEquiv>
                </Word>
                <Word id="tr_4_tl_2_w6" custom="readingOrder {index:5;}">
                    <Coords points="794,1176 794,1236 893,1236 893,1176"/>
                    <TextEquiv>
                        <Unicode>was</Unicode>
                    </TextEquiv>
                </Word>
                <Word id="tr_4_tl_2_w7" custom="readingOrder {index:6;}">
                    <Coords points="936,1182 936,1242 973,1242 973,1182"/>
                    <TextEquiv>
                        <Unicode>er</Unicode>
                    </TextEquiv>
                </Word>
                <TextEquiv>
                    <Unicode>abzo abſolut nicht zu wiſſen, was er</Unicode>
                </TextEquiv>
            </TextLine>
            <TextLine id="tr_4_tl_3" custom="readingOrder {index:17;}">
                <Coords points="70,1259 80,1256 89,1266 96,1261 116,1270 132,1262 175,1266 191,1254 203,1256 201,1218 181,1211 153,1231 132,1221 109,1234 106,1230 94,1233 82,1224 68,1226"/>
                <Baseline points="75,1246 104,1246 132,1246 161,1246 189,1250 226,1254"/>
                <Word id="tr_4_tl_3_w1" custom="readingOrder {index:0;}">
                    <Coords points="62,1206 62,1266 213,1266 213,1206"/>
                    <TextEquiv>
                        <Unicode>will.</Unicode>
                    </TextEquiv>
                </Word>
                <TextEquiv>
                    <Unicode>will.</Unicode>
                </TextEquiv>
            </TextLine>
            <TextLine id="tr_4_tl_4" custom="readingOrder {index:18;} structure {type:paragraph;} work {offset:1; length:17;}">
                <Coords points="124,1316 678,1334 835,1379 1054,1361 1016,1303 785,1290 683,1320 430,1267 316,1298 204,1262 122,1279"/>
                <Baseline points="130,1296 159,1301 187,1303 216,1305 244,1309 273,1311 301,1315 330,1317 358,1317 387,1317 415,1319 444,1319 472,1320 501,1320 529,1322 557,1322 586,1324 614,1328 643,1330 671,1332 700,1334 728,1334 757,1338 785,1339 814,1343 842,1345 871,1351 899,1353 928,1355 956,1355 984,1356 1013,1358 1041,1360 1055,1360"/>
                <Word id="tr_4_tl_4_w1" custom="readingOrder {index:0;}">
                    <Coords points="118,1266 118,1326 339,1326 339,1266"/>
                    <TextEquiv>
                        <Unicode>»Lebndige</Unicode>
                    </TextEquiv>
                </Word>
                <Word id="tr_4_tl_4_w2" custom="readingOrder {index:1;}">
                    <Coords points="367,1279 367,1339 532,1339 532,1279"/>
                    <TextEquiv>
                        <Unicode>Stunden</Unicode>
                    </TextEquiv>
                </Word>
                <Word id="tr_4_tl_4_w3" custom="readingOrder {index:2;}">
                    <Coords points="553,1283 553,1343 601,1343 601,1283"/>
                    <TextEquiv>
                        <Unicode>iſt</Unicode>
                    </TextEquiv>
                </Word>
                <Word id="tr_4_tl_4_w4" custom="readingOrder {index:3;}">
                    <Coords points="635,1291 635,1351 694,1351 694,1291"/>
                    <TextEquiv>
                        <Unicode>ein</Unicode>
                    </TextEquiv>
                </Word>
                <Word id="tr_4_tl_4_w5" custom="readingOrder {index:4;}">
                    <Coords points="739,1303 739,1363 915,1363 915,1303"/>
                    <TextEquiv>
                        <Unicode>hübſcher</Unicode>
                    </TextEquiv>
                </Word>
                <Word id="tr_4_tl_4_w6" custom="readingOrder {index:5;}">
                    <Coords points="932,1316 932,1376 1053,1376 1053,1316"/>
                    <TextEquiv>
                        <Unicode>Titel.</Unicode>
                    </TextEquiv>
                </Word>
                <TextEquiv>
                    <Unicode>»Lebendige Stunden« iſt ein hübſcher Titel.</Unicode>
                </TextEquiv>
            </TextLine>
            <TextEquiv>
                <Unicode>Dessauerstrasse 19
Berlin, 7. Oktober.
Mein lieber Freund,
Dein Brief iſt im Ganzen recht erfreulich, –
mit Ausnahme von Kopfſchmerzen und
Ohrenklingen, gegen die ich Dir leider nicht
helfen kann. Das ſpielt in Deinem Leben
offenbar dieſelbe Rolle, wie Benedikt in
dem meinen. Es ſcheint, daß zu jedem
Leben ein wenig Benedikt gehört.
Gegen ein Auftreten Olgas bei Salten wäre
ich entſchieden. Soll ihr für alle Zeiten die
X Überbrettl-Marke aufgeprägt werden?
Das Programm der Saltenschen Unternehmung,
das ich heut in der N. Fr. Pr. leſe, iſt ein
großer Kuddelmuddel. Der Mann ſcheint
abzo abſolut nicht zu wiſſen, was er
will.
»Lebendige Stunden« iſt ein hübſcher Titel.</Unicode>
            </TextEquiv>
        </TextRegion>
    </Page>
</PcGts>
