1141 1438
644 140 915 200 RtEeauefetenese
935 142 978 202 19.

74 203 280 263 Berlin,
285 211 334 271 7.
364 214 481 274 Juli.

163 339 346 399 Mein
372 346 504 406 lieber
542 355 747 415 Freund,

77 450 301 510 Endlich
337 466 426 526 zieht
456 483 681 543 Vernunft
706 485 756 545 in
786 489 910 549 Eure

81 546 432 606 Reiſepläne
468 555 586 615 ein,
612 559 718 619 und
740 561 783 621 ich
801 569 950 629 freue

53 615 174 675 mich
194 625 257 685 ſehr
282 639 462 699 darüber
487 638 579 698 und
637 635 730 695 über
774 638 827 698 die
852 646 1012 706 Ausſicht

70 711 208 771 Euch
229 715 321 775 doch
336 717 377 777 zu
408 722 561 782 ſehen.
602 719 669 779 Ich
705 731 797 791 gehe
833 739 879 799 ſo

68 814 312 874 zwiſchen
349 810 437 870 dein
463 810 552 870 20.
568 810 641 870 u.
656 814 776 874 25.
792 820 895 880 von
922 832 1031 892 hier

87 896 226 956 hoit,
248 896 387 956 bleibe
430 892 588 952 einen
623 893 720 953 oder
756 897 885 957 zwie
913 909 1031 969 Tage

79 970 158 1030 in
180 973 359 1033 dresden
389 979 475 1039 und
515 978 727 1038 Wien,
741 987 842 1047 gehe
868 994 1033 1054 dann

51 1057 442 1117 meinetwegen
467 1063 576 1123 nach
594 1065 703 1125 dem
747 1077 1019 1137 Worther¬

60 1138 179 1198 ſer
221 1146 311 1206 und
342 1149 543 1209 komme
588 1152 693 1212 vie
741 1155 797 1215 da
862 1161 978 1221 aus

69 1240 198 1300 ſehr
219 1242 338 1302 gern
370 1239 421 1299 zu
463 1238 613 1298 Euch.
629 1247 732 1307 St.
743 1257 904 1317 Alrich
950 1269 1023 1329 im
