3736 4563
397 636 722 696 am
826 653 1304 713 Meiſten
1490 667 1841 727 röthig
1956 674 2330 734 haben.
2492 680 2807 740 Schon
2900 684 3098 744 daß

421 822 613 882 ich
682 841 835 901 an
923 853 1125 913 Dich
1271 859 1773 919 ſchreibe,
1811 850 2372 910 beruhigt
2536 839 2816 899 mich
2980 841 3164 901 ein

363 1030 901 1090 wenig.
1032 1041 1274 1101 Wie
1394 1037 1647 1097 hätte
1768 1031 1867 1091 as
2010 1027 2252 1087 mich
2372 1029 2613 1089 erſt
2734 1051 3239 1111 beruhigt

334 1232 656 1292 mit
733 1234 923 1294 Dir
1083 1238 1188 1298 zu
1359 1246 1824 1306 ſprechen

699 1586 1202 1646 Grüß’
1251 1568 1448 1628 Dich
1535 1556 1865 1616 Gott,
2026 1546 2504 1606 liebſter
2640 1547 3279 1607 Freund!

453 1820 1043 1880 Schreib’
1102 1813 1347 1873 mir
1514 1792 2429 1852 umgehend,
2576 1774 2920 1834 was

398 2022 606 2082 Du
731 2028 1243 2088 machſt.

1390 2335 1695 2395 In
1791 2353 2139 2413 Treue

1574 2625 1895 2685 Dein

1104 2887 1476 2947 Paue
1638 2907 2347 2967 Goldmann¬

413 3099 629 3159 In
719 3119 1117 3179 Berlin
1197 3138 1355 3198 ſoh
1436 3149 1526 3209 ich
1618 3166 1970 3226 Rerr.
2072 3181 2152 3241 Er
2254 3191 2436 3251 hat
2537 3200 2730 3260 mir
2845 3204 3038 3264 dies

404 3333 658 3393 ſehr
721 3367 1308 3427 gefallen;
1372 3392 1534 3452 von
1607 3403 1751 3463 Dir
1905 3418 2203 3478 ſpricht
2312 3424 2393 3484 er
2565 3430 2800 3490 mit

415 3562 792 3622 licften
889 3591 1102 3651 Wa
1172 3607 1505 3667 von.
1552 3616 1672 3676 Es
1719 3621 1859 3681 iſt
1956 3628 2122 3688 ein
2192 3640 2476 3700 gebes
2642 3676 3139 3736 Zeichen,

435 3780 695 3840 für
865 3807 1125 3867 ihn,
1228 3821 1419 3881 daß
1533 3830 1612 3890 er
1703 3837 1884 3897 Dich
2054 3861 2631 3921 verſteht!
