1029 1472
123 97 281 157 Ppayer.
294 98 359 158 Und
377 105 526 165 angeſichts
543 112 596 172 des
618 124 705 184 Mont
740 142 911 202 bristolle,

114 161 208 221 ſich
235 164 315 224 über
345 167 379 227 die
398 171 596 231 literauſche
641 197 835 257 Bedeutung
853 210 914 270 von

121 227 406 287 Lohhmamattel
429 236 493 296 und
542 252 797 312 Wassermann
812 263 857 323 zu

122 292 369 352 unterhalten,
395 304 448 364 hat
461 308 597 368 keinen
628 327 866 387 beſonderen,

111 355 260 415 Ruz.
269 363 388 423 Geſtere
416 370 462 430 bin
486 370 523 430 ich
547 383 783 443 gekommen,
792 394 850 454 und

124 424 220 484 heut
252 426 377 486 möchte
395 436 427 496 ich
449 447 527 507 ſchon
563 446 717 506 wieder
753 460 860 520 fort.

131 487 241 547 Aber
262 496 296 556 ich
312 503 377 563 muß
416 510 476 570 bis
503 512 679 572 Sonntag
690 533 876 593 feſtſitzen

117 550 203 610 und
235 564 310 624 hoffe
324 569 435 629 nur,
442 570 496 630 daß
528 580 579 640 Du
618 586 654 646 es
679 591 751 651 mir
779 599 876 659 durch

139 632 380 692 Anffindung
401 638 510 698 eines
538 653 636 713 hohen
654 656 708 716 und
737 662 863 722 fühlen

129 693 458 753 Aufenſalsates
479 708 601 768 dann
636 723 893 783 meingſtenfe

115 756 306 816 möglichſt
318 762 433 822 machſt
445 766 485 826 zu
517 772 581 832 Dir
613 777 648 837 zu
672 794 855 854 kommen.

196 850 278 910 Ich
294 856 397 916 grüße
417 855 479 915 Dich
496 857 566 917 und
598 862 648 922 die
677 881 936 941 Begleiterinnen

170 939 398 999 vielmals
420 947 485 1007 und
510 963 688 1023 hetzlichſt.

310 1049 473 1109 Dein

347 1142 490 1202 Paul
530 1159 786 1219 Goldmann.

184 1214 392 1274 lndieſſe.
417 1240 617 1300 Landro,
627 1252 728 1312 Lohl
764 1263 897 1323 Baur
