818 1212
115 837 261 897 Restourant
278 836 354 896 ersten
376 835 471 895 Ranges
491 835 592 895 tannsch
614 835 692 895 260.

250 869 355 929 Pcnen,
365 867 580 927 candoueusunnest.

279 892 336 952 Me»
348 893 372 953 de
386 892 546 952 schsuseieirr.

161 932 305 992 Freund,
313 943 422 1003 Geade
436 941 527 1001 erzählt
541 944 599 1004 mir
632 946 704 1006 Hatr

60 982 263 1042 Artien,
275 991 317 1051 daß
344 992 370 1052 er
382 993 428 1053 der
459 994 539 1054 erſte
562 1000 669 1060 Oratol
692 1004 716 1064 w

46 1030 142 1090 Wir
150 1031 266 1091 banüte
318 1040 362 1100 die
370 1042 564 1102 gengeizen,
570 1045 611 1105 di
634 1048 735 1108 enen

59 1076 132 1136 Gruß
148 1077 172 1137 zu
185 1083 277 1143 ſenden
379 1090 412 1150 ſt
428 1090 457 1150 de
492 1106 596 1166 Pal
615 1109 751 1169 Glmann

97 86 163 899 Höflichen Gruß Bertha Christians.
602 223 680 848 Mein ſehr verehrter, lieber Herr Schnitzler!
636 124 729 957 Ich freue mich richtig, Ihnen, verehrteſter Herr Dr,
675 98 752 938 in Erinnerung an unſere »Weihnachtseinkäufe« die ſiegbesten Grüße
723 121 774 324 zu ſenden! Was macht »Schleier der Beatrice«? Warum nicht ich?
703 77 774 923 Ihr Christians
