3736 4563
1370 551 1863 611 Haug,
1922 557 2115 617 20.
2187 565 2512 625 Moi.

702 1143 1169 1203 Mein
1383 1163 1766 1223 lieber
1907 1160 2440 1220 Freund

584 1442 908 1502 Von
1003 1463 1368 1523 Berlin
1494 1474 1704 1534 bin
1808 1478 1934 1538 ich
2070 1482 2342 1542 nach
2437 1488 2634 1548 dem
2792 1499 3085 1559 Haag

540 1666 1138 1726 beordert
1259 1693 1642 1753 worden
1811 1688 2015 1748 zur
2184 1681 3174 1741 Friedensconfer

518 1841 837 1901 Seit
955 1876 1165 1936 zehn
1275 1889 1521 1949 Tage
1657 1890 1859 1950 lebe
1995 1885 2087 1945 ich
2187 1884 2305 1944 in
2434 1885 2762 1945 einer
2862 1898 3154 1958 unbe

472 2082 1337 2142 ſchreiblichen
1460 2090 1955 2150 Hetzpagd
2151 2073 2357 2133 und
2511 2066 2893 2126 erdlich
2985 2077 3243 2137 heut

475 2282 952 2342 finde
1019 2305 1107 2365 ich
1252 2314 1541 2374 fürh
1641 2313 2218 2373 Minuten
2341 2299 2696 2359 Zeit,
2753 2292 2964 2352 um
3041 2288 3242 2348 Dir

487 2468 737 2528 von
850 2505 1259 2565 Herzen
1360 2515 1554 2575 für
1689 2512 2132 2572 Deinen
2211 2506 2575 2566 lieben
2722 2508 3017 2568 Brief
3108 2521 3199 2581 zu

463 2711 1136 2771 danken,
1163 2723 1323 2783 der
1491 2725 1715 2785 mir
1882 2720 2145 2780 nach
2266 2720 2640 2780 Berbin
2790 2744 3238 2804 nachge

542 2933 1083 2993 ſchickt
1223 2949 1774 3009 wurde.
1904 2957 2144 3017 Aber
2285 2965 2906 3025 wichtiger

440 3145 832 3205 wäre
972 3160 1074 3220 es
1262 3166 1532 3226 mir
1821 3170 1933 3230 zu
2120 3177 2764 3237 wiſſen,
2812 3198 3100 3258 wie

445 3369 661 3429 es
768 3380 948 3440 Dir
1045 3392 1380 3452 geht?
1560 3406 1704 3466 Ich
1788 3417 2112 3477 hoffe,
2183 3437 2735 3497 nächſter
2892 3468 3203 3528 Tage

442 3609 807 3669 nach
912 3641 1652 3701 Frankfurt
1861 3675 3054 3735 zurückzukehren

437 3829 710 3889 und
812 3844 1043 3904 bitte
1187 3859 1404 3919 Dich
1577 3877 1838 3937 mir
1938 3896 2284 3956 ſofort
2458 3918 2617 3978 ein
2803 3954 3216 4014 »Zeile

514 4077 1023 4137 dorthie
1093 4087 1179 4147 zu
1307 4093 1747 4153 ſender
1879 4099 2206 4159 ee
2437 4102 2649 4162 mir
2781 4107 2880 4167 zu
2961 4131 3323 4191 ſagen
