1212 1447
79 212 272 272 Wachen.
302 220 360 280 ich
420 232 554 292 nife
568 242 747 302 deser
791 262 895 322 ſchen
926 277 999 337 hal

51 304 185 364 huli
212 311 324 371 fort,
341 315 368 375 –
381 315 476 375 mit
528 323 753 383 Rückſicht
797 346 979 406 darauf

58 380 159 440 daß
196 391 239 451 ich
261 398 391 458 kaput
413 399 486 459 bin
543 405 631 465 mie
652 417 753 477 ſchon
783 428 898 488 lange
912 443 1050 503 ruft,

61 480 186 540 zur
223 487 462 547 Stärkung
483 490 542 550 der
581 509 846 569 erſchlafften
878 538 1062 598 Neren

55 567 255 627 brauchte
280 573 320 633 ich
330 581 580 641 allerdings
605 599 845 659 Höhenlift.
855 614 1000 674 Damm

68 645 179 705 bie
197 650 242 710 ich
278 659 456 719 wieder
536 680 781 740 unſchlüßſig
803 699 1044 759 geworden

76 733 296 793 bezürlich
317 738 379 798 des
441 760 654 820 Worther
688 769 846 829 ders.
874 778 957 838 An

59 822 224 882 hohen
267 834 393 894 Orten
428 845 692 905 anderſeits
740 851 909 911 fünhte
931 854 983 914 ich

71 907 182 967 Die
204 922 537 982 Einſamkeit.
576 933 700 993 Weiß
736 935 834 995 alſo
851 939 958 999 nicht

65 999 218 1059 was
248 1008 446 1068 werden
484 1021 667 1081 wird.

200 1086 300 1146 ku
342 1109 470 1169 mit
514 1118 584 1178 die
628 1125 728 1185 rach
756 1139 856 1199 auch
884 1149 942 1209 ga

78 1173 313 1233 Arbeiten
365 1203 613 1263 kommen,
633 1222 730 1282 und
763 1232 808 1292 ich
828 1247 965 1307 freue

88 1261 233 1321 mich,
243 1272 313 1332 daß
351 1282 426 1342 der
478 1308 774 1368 dramatiſche
807 1317 901 1377 Stoff
929 1329 1037 1389 vom
