1138 1434
656 142 921 202 Gtsseauenetensst
944 143 984 203 19.

62 213 255 273 Belin,
266 214 333 274 13.
352 217 489 277 Mei.

128 376 301 436 Mein
342 387 496 447 lieber
564 398 809 458 Freund,

77 515 159 575 Es
190 517 271 577 thut
310 517 396 577 mir
466 529 718 589 unendlich
738 538 866 598 leid,
882 546 960 606 daß

81 592 143 652 es
173 598 211 658 ſo
262 603 536 663 gekommen
560 606 625 666 iſt!
653 607 711 667 Da
755 614 872 674 kann
885 620 991 680 man

72 678 173 738 ſich
197 678 290 738 zum
311 682 408 742 Troſt
433 684 627 744 immer
688 686 794 746 nur
822 695 1017 755 ſagen.

83 760 237 820 wer
276 767 455 827 weiß,
468 771 593 831 wozu
622 769 662 829 es
707 768 802 828 gut
845 771 1028 831 war.

74 847 359 907 Jedenfalls
387 856 476 916 ſind
531 857 637 917 auch
672 862 871 922 manche
891 877 1035 937 Sorgen

57 925 275 985 dadurch
307 936 547 996 beſeitigt.
586 942 697 1002 Und
747 948 962 1008 wenn

50 1012 302 1072 mirklich
356 1024 570 1084 Anänne
621 1029 801 1089 daran
852 1039 981 1099 Schuld

68 1090 265 1150 war,
280 1098 315 1158 ſo
347 1101 394 1161 iſt
421 1099 457 1159 es
488 1100 716 1160 vielleicht
751 1124 924 1184 beſſer

76 1172 240 1232 wan
282 1177 350 1237 die
377 1181 582 1241 rätten
622 1202 733 1262 irſt
759 1221 978 1281 ummmal

88 1251 333 1311 odentlich
370 1276 653 1336 gekräftigt
700 1287 883 1347 wird,
917 1302 1015 1362 um
