3968 5854
1602 576 1762 636 miuu
1809 581 1870 641 Fer
1884 584 2101 644 veeeiaer
2129 590 2294 650 nrur,
2303 591 2308 651 i
2369 595 2717 655 nuuo

844 617 993 677 aan
1034 620 1113 680 aie
1173 625 1302 685 at
1332 629 1407 689 ank
1457 634 1561 694 nz
1611 641 1790 701 2.ta.
1800 646 1885 706 W.
1955 655 2208 715 aren
2259 661 2333 721 dn
2383 667 2766 727 nanlnte

855 689 1066 749 Hontften
1150 695 1291 755 Reter
1362 705 1771 765 Cernetiue
1851 722 2194 782 serandattete
2265 731 2317 791 an
2415 738 2630 798 Mentas
2692 744 2767 804 Nen

844 760 1139 820 RIDaré
1188 769 1342 829 Dag
1381 773 1447 833 ße
1478 778 1614 838 De
1645 783 1790 843 rein
1848 790 1980 850 einen
2020 800 2420 860 Cencertabene,
2446 809 2495 869 an
2535 816 2724 876 welden

842 829 939 889 nit
970 833 1097 893 einer
1137 842 1458 902 Ruenatme,
1494 851 1696 911 teeietiA
1758 863 2159 923 Fempeftionen
2207 872 2290 932 son
2352 881 2620 941 Cennetiue
2665 889 2739 949 zun

846 903 1065 963 Dortras
1132 913 1382 973 gelanoten
1494 922 1583 982 Die
1641 928 1802 988 läöre
1860 934 2003 994 Rektte
2066 940 2138 1000 der
2195 946 2397 1006 Mozact
2433 953 2602 1013 Menein
2687 960 2759 1020 aln

850 975 1060 1035 GoltSen
1130 982 1284 1042 troteu
1349 987 1437 1047 aut
1498 994 1610 1054 Hol.
1661 1004 2043 1064 Bintetſen
2113 1015 2201 1075 ans
2272 1022 2547 1082 Frantfurt
2593 1027 2649 1087 a.
2668 1029 2751 1089 M.

850 1044 969 1104 Frau
1038 1052 1305 1112 eenffe
1337 1061 1626 1121 Zarnttast
1695 1070 1787 1130 uns
1865 1077 1990 1137 Genr
2063 1082 2141 1142 De
2183 1094 2743 1154 adim-Zarnftell

837 1116 942 1176 Das
983 1121 1190 1181 pabtreid
1250 1129 1540 1189 erBienene
1576 1139 1829 1199 Fublitum
1902 1149 2067 1209 santte
2127 1155 2224 1215 fogr
2284 1162 2477 1222 fetfaft
2532 1168 2610 1228 fün
2669 1172 2747 1232 Do3

839 1187 1111 1247 Acbotene.
1183 1197 1249 1257 Dn
1312 1207 1768 1267 BeftGealer
1830 1218 1982 1278 lamen
2031 1224 2201 1284 geitern
2246 1231 2411 1291 Roens
2451 1241 2755 1301 eBnlG.

873 1256 973 1316 Er’
996 1263 1291 1323 GCinattes
1341 1275 1727 1335 »Harncetfug,
1763 1286 1883 1346 »Bie
1920 1294 2181 1354 Aefafrtin
2264 1303 2351 1363 uns
2421 1310 2544 1370 ,Der
2600 1316 2755 1376 Grtne

830 1328 1067 1388 Fataeu«
1102 1333 1142 1393 ju
1218 1339 1352 1399 entten
1401 1344 1463 1404 Ru
1495 1350 1762 1410 ffußrung.
1829 1357 1923 1417 Die
1976 1366 2257 1426 Rutnagne
2315 1375 2409 1435 war
2471 1379 2569 1439 eine
2627 1387 2787 1447 regt.

850 1398 1153 1458 Teunstige,
1180 1411 1452 1471 mennIen
1510 1418 1628 1478 »Per
1668 1424 1818 1484 grune
1857 1432 2086 1492 Fututn«
2152 1440 2337 1500 einigen
2403 1454 2724 1514 Riserforug

852 1470 1032 1530 rregte.
1103 1476 1322 1536 Deleiett
1371 1484 1534 1544 wurte
1587 1493 1859 1553 namenttid
1916 1502 2000 1562 son
2049 1509 2202 1569 Gennn
2264 1518 2497 1578 Beden
2559 1528 2747 1588 Barne

825 1540 1004 1600 feliue,
1030 1546 1240 1606 Bilgran
1303 1553 1387 1613 une
1432 1561 1758 1621 Castisuan,
1816 1570 1901 1630 und
1946 1577 2102 1637 Genn
2169 1585 2344 1645 COGr
2410 1597 2732 1657 (Hansmann

815 1609 909 1669 uns
955 1616 1140 1676 Fenrt)
1172 1622 1290 1682 redt
1326 1626 1439 1686 aut.
1489 1632 1611 1692 Gerr
1648 1635 1724 1695 Ce
1760 1645 2181 1705 nraltfonnte
2218 1655 2290 1715 als
2331 1662 2512 1722 etueld
2571 1672 2729 1732 Orain

818 1681 941 1741 Cinen
1011 1688 1179 1748 farten
1249 1701 1707 1761 Geitenteiiserfols
1777 1717 2103 1777 senzeiduen.
2196 1736 2737 1796 CBI2Te25Oer

822 1757 1228 1817 Bunrenenneuur
1260 1767 1353 1827 din
1386 1778 1913 1838 ruuekurarunuin
1951 1789 2016 1849 din
2067 1799 2390 1859 nnrurun
2441 1815 2758 1875 Fantaiurn

815 1835 960 1895 an
1009 1839 1090 1899 din
1133 1844 1407 1904 Fannkuuen
1456 1849 1542 1909 den
1596 1855 1816 1915 Loeuuns
1892 1863 2064 1923 Wenen
2123 1874 2350 1934 Wiex,
2376 1881 2382 1941 –
