3746 4562
1682 392 2384 452 Frankfurt
2501 409 2618 469 31.
2712 413 2963 473 Ma¬

833 852 1229 912 Mein
1356 886 1675 946 lieber
1760 910 2284 970 Freun,

616 1223 1029 1283 Gernde
1084 1241 1176 1301 in
1267 1253 1552 1313 dieſen
1644 1266 1965 1326 Tagen
2112 1281 2415 1341 werde
2497 1290 2598 1350 ich
2700 1315 3461 1375 herungehetzt,

536 1356 786 1416 mir
883 1384 987 1444 ein
1093 1405 1375 1465 Hund.
1448 1426 1957 1486 Miſſionon
2030 1438 2231 1498 nach
2361 1454 2814 1514 Mainz,
2894 1492 3427 1552 Korrlsrich¬

515 1533 1174 1593 Darmſtadt,
1230 1555 1246 1615 –
1383 1565 1568 1625 hier
1672 1580 2105 1640 beichten
2234 1596 2411 1656 dort
2564 1624 3110 1684 berichten.
3142 1656 3279 1716 Ich

499 1673 751 1733 habe
827 1702 1179 1762 keinen
1247 1721 1370 1781 Au
1416 1737 1822 1797 gerblick
1951 1758 2204 1818 freie
2341 1774 2525 1834 Zeit
2602 1787 2808 1847 und
2946 1806 3121 1866 habe

460 1821 640 1881 Der
709 1847 1077 1907 hertigen
1160 1880 1634 1940 Feiertag
1725 1911 2237 1971 abwarten
2364 1936 2854 1996 niſſer,
2937 1945 3065 2005 nm

442 1997 660 2057 Dir
761 2012 1071 2072 endlich
1171 2032 1565 2092 eineal
1674 2051 1857 2111 aug
1975 2066 2140 2126 ein
2267 2085 2505 2145 Wat
2597 2100 2678 2160 zu
2797 2130 3326 2190 ſchreiben,

501 2169 970 2229 nichten
1052 2191 1134 2251 gh
1191 2196 1246 2256 a
1440 2209 1657 2269 wc
1715 2222 1878 2282 diß
2018 2250 2239 2310 dege
2375 2301 2542 2361 ich
2654 2280 2902 2340 debe
2957 2304 3232 2364 nur

449 2341 877 2401 Deiner
941 2374 1322 2434 gedacht.

701 2515 1039 2575 Dein
1148 2534 1436 2594 Brief,
1487 2543 1571 2603 in
1613 2548 1724 2608 der
1850 2557 1951 2617 Du
2053 2567 2205 2627 das
2315 2597 2932 2657 Füerchterliche
3034 2656 3430 2716 ſchildeoſt

485 2645 708 2705 hat
796 2672 968 2732 nich
1053 2691 1193 2751 ich
1279 2713 1781 2773 ergriſfen.
1884 2731 1989 2791 Es
2023 2737 2126 2797 iſt
2229 2747 2386 2807 ein
2455 2765 2766 2825 währes
2834 2806 3440 2866 Rofhenernt

453 2803 686 2863 von
755 2828 1007 2888 Qeual
1102 2864 1621 2924 geweſen.
1681 2892 1872 2952 Das
1942 2907 2114 2967 Herz
2184 2926 2444 2986 preßt
2521 2942 2652 3002 ſich
2756 2972 3465 3032 zuſammen,

457 2955 745 3015 wen
885 2991 1095 3051 man
1186 3012 1319 3072 das
1375 3031 1642 3091 lieſt.
1740 3055 1929 3115 Unrd
2055 3074 2237 3134 een
2335 3091 2504 3151 gar
2574 3104 2714 3164 das
2777 3129 3401 3189 woterleben,

454 3114 608 3174 Du
700 3158 1202 3218 Arenſter,
1266 3188 1484 3248 was
1583 3208 1880 3268 mußt
1972 3222 2056 3282 Du
2162 3240 2579 3300 gelitten
2720 3280 3087 3340 haben.

483 3289 708 3349 Ich
782 3310 965 3370 will
1065 3330 1231 3390 aucf
1322 3347 1481 3407 gar
1573 3363 1755 3423 nicht
1847 3387 2263 3447 verſuchen
2387 3411 2529 3471 Dir
2620 3428 2803 3488 Troſt
2895 3462 3468 3522 zuſperden.

449 3487 614 3547 Es
675 3487 856 3547 gibe
939 3491 954 3551 d
1143 3498 1226 3558 da
1354 3510 1580 3570 niichts
1724 3526 1792 3586 zu
1890 3546 2297 3606 tröſten.
2336 3577 2857 3637 Unaußer
2999 3603 3128 3663 des

479 3640 724 3700 Zeit
836 3652 1051 3712 kann
1201 3669 1439 3729 nichts
1526 3685 1709 3745 und
1844 3711 2335 3771 Niemand
2486 3739 2867 3799 Helfen.
2939 3750 3105 3810 Auf
3169 3754 3288 3814 die

481 3794 729 3854 Zeit
850 3812 1106 3872 rechne
1187 3829 1275 3889 ich
1355 3858 1965 3918 allerdings.
2037 3889 2246 3949 Auch
2302 3899 2454 3959 das
2543 3908 2807 3968 wird
2960 3908 3096 3968 ſich

534 3992 1050 4052 ſchließlich
1161 4020 1566 4080 unldern
1691 4043 1921 4103 Aatz
2025 4054 2137 4114 In
2214 4065 2486 4125 Dein,
2520 4074 2723 4134 was
2799 4082 2911 4142 Du
3015 4089 3245 4149 über
