1210 1436
66 223 315 283 Grödener
347 224 428 284 thal
487 228 642 288 würde
682 236 791 296 mir
841 252 1054 312 beſonder,

45 309 290 369 gefallen.
309 310 432 370 Denn
465 310 554 370 ſeit
616 318 814 378 Jahren
856 333 1017 393 wünſch

56 390 143 450 ich,
156 396 239 456 das
274 398 527 458 Grodener
606 410 728 470 Thal
772 427 1016 487 kennen

83 482 173 542 zu
206 483 410 543 lernen.
439 485 619 545 Bitte,
647 498 772 558 halt’
788 509 891 569 alſo
919 522 981 582 die

59 576 291 636 Projekt
319 578 448 638 feſt.
538 585 794 645 Vielleicht
832 607 1041 667 können

40 666 190 726 mir
237 666 382 726 dann
418 664 526 724 auch
595 666 704 726 von
787 668 915 728 dort

45 748 176 808 aus
218 749 300 809 ein
333 748 489 808 paar
563 744 695 804 Tage
720 740 794 800 in
860 740 950 800 ain

62 836 275 896 Berge
299 838 552 898 ſtrigen.

116 940 231 1000 Ich
248 946 376 1006 höre,
389 944 455 1004 daß
490 943 557 1003 die
574 948 750 1008 »Zeit«
786 959 949 1019 van

57 1034 129 1094 1.
143 1033 338 1093 Oktober
363 1032 402 1092 ab
474 1030 773 1090 Tagesblatt
827 1042 996 1102 wird

58 1116 192 1176 mit
236 1114 513 1174 (Million
535 1112 705 1172 Kronde
754 1133 1030 1193 Capital¬

56 1204 274 1264 Weißt
318 1202 371 1262 Du
412 1206 599 1266 etwas
661 1211 914 1271 davon?

57 1299 318 1359 Kommt
346 1300 385 1360 es
417 1309 604 1369 dazu,
626 1314 671 1374 ſo
739 1313 936 1373 bedeutet
