3986 5870
1827 563 2200 623 Frankfurt
2250 564 2325 624 a.
2350 564 2499 624 M.,
2549 568 2732 628 26.
2782 570 3015 630 Aprib
3206 562 3438 622 1899.

686 1433 1013 1493 Mei
1202 1446 1520 1506 lieber
1678 1448 2342 1508 Freund,

491 1643 798 1703 Seit
875 1659 1028 1719 die
1237 1670 1609 1730 Wochen
1664 1670 1895 1730 muß
2004 1670 2091 1730 ich
2180 1670 2387 1730 hier
2520 1671 2673 1731 die
2794 1681 3254 1741 Drapfus

449 1873 957 1933 Enqucte
1051 1880 1734 1940 bearbeiten.
1785 1880 1958 1940 Das
2018 1880 2613 1940 bedeutet;
2690 1882 3018 1942 täglich
3104 1887 3320 1947 und

488 2071 605 2131 E
711 2092 882 2152 Uhr
957 2108 1394 2168 aufſtehen
1522 2112 1725 2172 (in
1831 2110 2013 2170 den
2088 2101 2707 2161 negeheuren
2867 2102 3102 2162 Soff
3198 2109 3293 2169 zu

425 2321 1305 2381 bewaltigen)
1414 2314 1626 2374 und
1727 2314 1863 2374 bis
1989 2316 2683 2376 Nohnikags
2827 2330 3571 2390 durcharbeiten

387 2524 846 2584 Wenn
916 2531 995 2591 ich
1115 2534 1315 2594 mit
1424 2538 1773 2598 dieſem
1963 2544 2821 2604 Tagespenſum
3040 2552 3389 2612 fertig

457 2758 883 2818 bin,
901 2758 1101 2818 bin
1205 2758 1309 2818 ich
1394 2758 1471 2818 ſo
1565 2758 2219 2818 tädtmiele,
2351 2761 2521 2821 daß
2663 2763 2777 2823 ich
2937 2767 3052 2827 zu

378 2958 813 3018 nichts
921 2976 1223 3036 mehr
1307 2986 1632 3046 Kunft
1790 2993 2092 3053 habe,
2152 2994 2417 3054 nicht
2551 2988 3033 3048 einmal
3141 2979 3250 3039 zu

452 3193 934 3253 einem
1001 3198 1300 3258 Briefe
1368 3200 1522 3260 an
1627 3198 1888 3258 Dich.
2023 3198 2216 3258 Die
2264 3196 2564 3256 Folge
2622 3196 2833 3256 iſt,
2872 3198 3036 3258 daß
3152 3199 3238 3259 ich

385 3405 714 3465 nun
823 3418 1079 3478 ſchon
1171 3424 1573 3484 Wochen
1710 3428 2021 3488 lang
2131 3428 2397 3488 ohne
2533 3428 3092 3488 Nachricht
3247 3430 3484 3490 von

372 3607 669 3667 Dir
779 3616 1076 3676 bin.
1265 3624 1722 3684 Gerade
1811 3629 1929 3689 in
2029 3631 2377 3691 dieſer
2614 3634 2853 3694 Zeit
2932 3634 3041 3694 iſt
3131 3634 3507 3694 mir,

372 3834 681 3894 das
780 3845 1366 3905 beſonders
1555 3850 2428 3910 ſchmerzlich.
2560 3851 2705 3911 Ich
2793 3856 3146 3916 ſende

385 4053 642 4113 Dir
749 4067 974 4127 alſo
1082 4073 1361 4133 heut
1511 4072 1759 4132 (in
1876 4065 2563 4125 Erwartung
2703 4060 2842 4120 des
2971 4061 3314 4121 Tages

408 4278 684 4338 wo
806 4289 891 4349 ich
1006 4295 1245 4355 Zeit
1506 4294 1851 4354 haben
2051 4283 2574 4343 werde,
2620 4280 2827 4340 Dir
3004 4283 3280 4343 aus

468 4513 1085 4573 führlcher
1243 4513 1354 4573 zu
1623 4500 2320 4560 ſchreiben)
2422 4494 2735 4554 dieſe
2860 4503 3488 4563 wenigen

439 4731 1025 4791 Zeilen,
1088 4729 1308 4789 um
1487 4726 1707 4786 Dich
1905 4720 2000 4780 zu
2135 4716 2607 4776 bitten,
2744 4712 3016 4772 nur
3172 4715 3382 4775 ein

523 4931 938 4991 Wort
1054 4930 1285 4990 über
1493 4937 1805 4997 Dein
1920 4944 2510 5004 Ergehen
2660 4942 2763 5002 zu
2903 4926 3422 4986 ſchreiben
