1215 1445
143 208 240 268 Daß
269 214 371 274 man
401 218 477 278 mit
503 222 629 282 ſeiner
696 236 899 296 Geliebten
945 245 1039 305 nach

75 277 267 337 Italien
289 286 381 346 gehen
419 288 542 348 muß,
551 294 592 354 iſt
615 307 997 367 ſelbſtverſtändlich.

61 337 137 397 Ich
155 349 283 409 möchte
316 357 462 417 wiſſen,
491 359 589 419 was
615 366 768 426 Stalinn
801 379 891 439 ſonſt
914 384 943 444 –

69 408 168 468 für
208 416 304 476 einen
341 416 450 476 Sinn
470 422 546 482 hat,
556 427 606 487 als
652 435 742 495 den:
768 444 844 504 eine
867 457 1086 517 Umgebung

74 480 178 540 für
204 482 283 542 eine
325 485 423 545 Liebe
456 489 495 549 zu
541 496 642 556 ſein.
665 504 796 564 Damm
854 521 1017 581 beneide

62 541 119 601 ich
138 546 206 606 Dich
229 550 308 610 nicht
346 552 415 612 um
441 554 562 614 Deine
612 569 840 629 Romfahrt.
858 587 965 647 Wohl

66 608 169 668 aber
191 620 341 680 beunde
389 622 436 682 ich
462 624 536 684 Dich
557 630 630 690 um
691 643 828 703 Deine
859 666 1065 726 Sehnſucht,

67 674 164 734 nach
188 684 286 744 olge.
298 690 353 750 Ich
371 694 450 754 dach
474 700 554 760 mich
590 708 676 768 nich
694 716 834 776 Keiner
877 733 1029 793 ſehnen.

199 770 299 830 Der
323 778 466 838 Artikel
522 791 604 851 von
627 805 808 865 Bandes
842 815 928 875 über
961 822 1023 882 Dich

51 820 182 880 war
210 836 296 896 recht
350 849 608 909 ſchleuderhaft
667 877 889 937 geſchrieben.
898 887 1065 947 Bandos

72 891 178 951 wn
204 905 322 965 dieſe
361 916 453 976 Sach
466 924 520 984 ein
558 936 730 996 Beden,
743 944 782 1004 u
823 960 1113 1020 untrlgen

57 969 359 1029 Stimmung:
380 994 614 1054 gezwungen
662 1014 821 1074 hater,
836 1028 1043 1088 manchmal

67 1032 256 1092 verſirt.
306 1054 454 1114 Glbglich
486 1064 535 1124 it
553 1069 593 1129 er
626 1084 848 1144 abgeniſt.
881 1096 931 1156 Ich
956 1116 1029 1176 habe

60 1107 131 1167 ihn
164 1118 230 1178 ſehr
276 1129 388 1189 gen.
434 1136 480 1196 Er
500 1142 553 1202 hat
579 1155 717 1215 etwas
762 1165 802 1225 ſo
861 1180 999 1240 Frur

61 1186 152 1246 und
186 1196 382 1256 Gätiges«

164 1284 492 1344 Sommerzlaue,
527 1294 619 1354 Wie
645 1296 692 1356 Du
730 1305 877 1365 willſt.
902 1315 988 1375 Mir
