1216 1441
63 182 157 242 an
180 192 247 252 dern
270 212 485 272 Haaren
513 222 899 282 herbeiziehen.

76 285 319 345 Warum
350 288 436 348 das
485 294 786 354 Eigentliche
822 309 971 369 nicht

82 371 238 431 ſehen
272 377 492 437 wollen?
570 380 770 440 Wenn
814 395 984 455 Einer

81 455 250 515 geiſtig
276 454 410 514 lerr
436 460 516 520 iſt,
534 465 579 525 ſo
623 466 685 526 iſt
721 470 801 530 er
846 489 1076 549 immer

64 546 259 606 geiſig
278 542 410 602 leer
446 548 749 608 geweſen.
784 566 967 626 Man

67 627 226 687 kann
250 624 319 684 ein
356 624 478 684 Stück
523 634 836 694 verfehlen,
857 649 1024 709 man

63 704 249 764 kann
280 708 382 768 aber
415 706 537 766 nicht
584 708 683 768 auf
730 713 964 773 einmal

68 789 267 849 weder
302 790 426 850 Geiſt
470 786 575 846 noch
611 788 805 848 Talent
858 801 1056 861 haben.

49 886 183 946 Und
208 884 329 944 was
363 882 510 942 Deine
531 882 715 942 Anſicht
753 888 996 948 betrufft,

60 968 284 1028 Hannele
318 962 377 1022 ſei
416 964 597 1024 fürdle
627 960 788 1020 Zeiten
877 973 974 1033 ein

93 1056 318 1116 ſchönes
361 1048 549 1108 Stück,
577 1053 615 1113 ſo
653 1060 812 1120 prühſt
841 1060 907 1120 Du
944 1064 1019 1124 im

82 1139 322 1199 Namen
341 1146 432 1206 von
462 1146 626 1206 allen
672 1154 851 1214 Zeiten
900 1156 996 1216 ein

90 1230 454 1290 kürſtleriſches
491 1238 661 1298 Urtheil
701 1237 851 1297 aus,
876 1238 941 1298 zu

102 1312 248 1372 dem
278 1316 377 1376 alle
417 1316 571 1376 Zeiten
651 1312 743 1372 Dich
820 1312 1003 1372 gewiß
