3691 4545
287 392 622 452 etwas
720 414 1266 474 lebendiger
1398 427 1567 487 uud
1708 437 2087 497 farbeger
2237 450 2555 510 ſchreibt
2634 459 2801 519 als
2890 471 3243 531 Schur,

298 549 589 609 Eino
660 572 1046 632 Therlung
1124 582 1250 642 der
1368 589 2100 649 Berichterſtekung
2202 597 2438 657 unter
2596 607 2737 667 die
2879 631 3272 691 Beiden,

285 733 468 793 iſt,
506 736 690 796 nach
737 738 911 798 den
1022 739 1141 799 bei
1196 740 1326 800 der
1427 744 1815 804 Früudef.
1907 751 2165 811 Zeit.
2248 764 2810 824 beſtchenden
2894 787 3271 847 Einreh¬

252 896 745 956 ſungen,
806 897 1400 957 urwöglich.
1441 905 1582 965 Daß
1653 909 1733 969 ich
1793 914 1915 974 die
1995 927 2499 987 Intrreſſen
2621 949 2761 1009 der
2843 969 3245 1029 Frürkf.

264 1060 569 1120 Zeit;
634 1055 773 1115 vor
857 1056 1097 1116 Allem
1172 1061 1246 1121 zu
1403 1077 1885 1137 vertreten
2061 1100 2339 1160 habe,
2423 1113 2626 1173 weiß
2709 1120 2868 1180 ich,
2932 1123 3117 1183 auch

307 1209 543 1269 ohen
592 1211 739 1271 daß
838 1216 935 1276 Du
1073 1220 1152 1280 es
1259 1225 1436 1285 mir
1565 1235 1850 1295 ſagſt,
1908 1245 2055 1305 und
2173 1254 2252 1314 ich
2360 1268 2645 1328 worde
2772 1284 2792 1344 H
3008 1309 3264 1369 Schue

255 1387 709 1447 mieinals
787 1398 1027 1458 Xt
1250 1413 1739 1473 nopfohlen
1842 1425 2152 1485 habe,
2220 1429 2537 1489 wenn
2658 1428 2735 1488 ich
2801 1453 2897 1513 X

269 1540 533 1600 auch
601 1552 757 1612 nur
866 1565 1089 1625 einer
1230 1582 1786 1642 Augubeits
1860 1595 2084 1655 hätte
2151 1604 2656 1664 ourehmien
2780 1615 3162 1675 wiſſen

280 1707 426 1767 er
507 1717 800 1777 würde
889 1727 1010 1787 als
1076 1744 1742 1804 Corroſpordent
1848 1762 1986 1822 den
2051 1775 2506 1835 Intereſſen
2580 1787 2702 1847 der
2848 1799 3189 1859 Zeitung

290 1868 521 1928 nicht
595 1902 1152 1962 entſprechen.
1244 1917 1299 1977 Es
1346 1922 1652 1982 hendelt
1698 1926 1810 1986 ſich
1930 1931 2087 1991 hier
2236 1938 2356 1998 in
2467 1951 2755 2011 zwei
2847 1986 3255 2046 ungefähl

336 2041 591 2101 gleich
705 2063 1096 2123 würdige
1217 2084 1778 2144 Cuvdidater
1914 2101 2056 2161 uud
2220 2117 2503 2177 wenn
2674 2153 3200 2213 irgearlire

284 2208 408 2268 ſo
478 2215 493 2275 X
734 2229 935 2289 kann
1052 2240 1231 2300 hier
1339 2248 1495 2308 das
1588 2261 2077 2321 Perſöoliche
2224 2289 2977 2349 enterverren

321 2399 434 2459 Ich
477 2403 903 2463 perſöolich
981 2411 1182 2471 fühle
1260 2419 1529 2479 mich,
1556 2427 1713 2487 bei
1791 2437 2035 2497 aller
2182 2458 2722 2518 Syncpathie
2826 2480 2991 2540 uud

275 2559 933 2619 Freundſchoft
1057 2584 1182 2644 ſür
1298 2594 1598 2654 Schio.
1673 2602 1848 2662 doch
1914 2609 2139 2669 mehr
2213 2616 2305 2676 zu
2456 2625 2596 2685 H.
2746 2649 3270 2709 Jergezogen

304 2725 548 2785 Von
614 2730 770 2790 Dir
925 2741 1170 2801 weiß
1295 2753 1384 2813 ich
1435 2759 1576 2819 das
1672 2783 2249 2843 Angekehrte.
2389 2813 2604 2873 Oder
2692 2837 3151 2897 voelmiehr

305 2861 433 2921 ich
493 2886 869 2946 weiß,
929 2904 1072 2964 daß
1170 2912 1245 2972 es
1358 2919 1524 2979 Dir
1643 2926 1809 2986 lieb
1989 2939 2380 2999 wäre,
2463 2959 2779 3019 wenn
2907 2995 3192 3055 Sohu

287 3026 457 3086 die
550 3048 813 3108 Stelle
945 3075 1425 3135 betäru.
1479 3095 1804 3155 Drin
1920 3109 2153 3169 ſchrieb
2277 3116 2362 3176 ich
2463 3120 2548 3180 di
2765 3124 2842 3184 oh
2919 3127 3221 3187 würde

316 3179 567 3239 »Dir
645 3195 725 3255 zu
794 3211 1073 3271 liebe«
1159 3228 1237 3288 in
1298 3241 1542 3301 dieſer
1690 3267 2090 3327 Rehlutig
2221 3294 2647 3354 wirken.
2769 3316 3169 3376 Nachdem

275 3332 405 3392 Du
505 3358 746 3418 dieſes
846 3386 1046 3446 »Dir
1127 3420 1538 3480 zuliebe«
1648 3458 2070 3518 abgelehnt
2160 3483 2380 3543 haſt,
2461 3495 2641 3555 habe
2691 3502 2832 3562 ich,
2952 3507 3152 3567 wie

278 3514 402 3574 ih
459 3544 614 3604 Dur
720 3580 921 3640 ſchon
1028 3616 1364 3676 ſchrieb,
1413 3641 1614 3701 mn
1777 3659 1922 3719 mich
2056 3672 2268 3732 jeder
2441 3687 2951 3747 weiteren

309 3725 942 3785 Einirirkung
1092 3776 1253 3836 auf
1323 3796 1434 3856 dir
1565 3837 2177 3897 Abgelegenhet
2288 3872 3001 3932 authalten....

634 3923 958 3983 Nächſte
1029 3963 1252 4023 Woche
1302 3988 1444 4048 gehr
1534 4007 1596 4067 ich
1657 4021 1808 4081 nach
1880 4044 2183 4104 Berlir.
2224 4061 2366 4121 das
2416 4072 2589 4132 heiſt
2690 4083 2943 4143 wenn
3004 4089 3075 4149 ich

300 4092 561 4152 Geld
671 4118 816 4178 aus
924 4140 1157 4200 Wier
1237 4165 1710 4225 Ortomu.
1768 4183 1906 4243 Die
1950 4191 2095 4251 N.
2124 4196 2255 4256 Fr.
2313 4203 2473 4263 Ar.
2611 4215 3084 4275 Demiict
3164 4220 3273 4280 ſich
