1208 1434
72 228 220 288 auch
248 230 308 290 ein
336 232 535 292 kräftiges
581 240 730 300 Kind
767 246 864 306 zur
897 258 1046 318 Welt,

74 316 164 376 zu
197 321 446 381 bringen.
476 333 595 393 Oder
622 335 682 395 iſt
735 334 835 394 das
881 337 954 397 ein

39 415 708 475 natunenſenſchaftlicher
772 425 1039 485 Unſinn?

54 503 285 563 Sſade,
301 512 468 572 ſchade.
500 513 586 573 Ihr
651 514 834 574 ſcheint
872 513 984 573 Euch

58 588 241 648 Beide
287 596 386 656 ſehr
417 593 604 653 darauf
646 593 848 653 gefreut
891 592 951 652 zu

83 676 318 736 haben.
332 687 493 747 Hoffen
522 686 632 746 mir
691 684 801 744 alſo
823 682 925 742 auf

58 761 187 821 das
231 766 407 826 nächſte
435 772 608 832 Mal!

144 880 362 940 Wenn
386 874 443 934 die
478 870 925 930 Sommerpläne
957 885 1059 945 gar

61 963 147 1023 ſo
172 964 482 1024 ſchwankend
533 953 690 1013 ſind,
731 966 787 1026 ſo
817 969 868 1029 iſt
903 969 955 1029 es

62 1051 304 1111 vielleicht
339 1052 417 1112 am
444 1053 647 1113 Beſten,
693 1056 799 1116 daß
853 1058 915 1118 ich

63 1150 441 1210 Hirschflds
479 1148 781 1208 Einladung
819 1166 1073 1226 annehme

91 1240 207 1300 zu
253 1244 340 1304 ihm
366 1246 445 1306 an
469 1248 540 1308 den
628 1248 865 1308 Worther
886 1268 1041 1328 Sre¬
