3691 4545
395 429 681 489 (im
792 449 1207 509 Vertrauer
1281 454 1615 514 geſagt)
1670 454 1743 514 ir
1854 449 2427 509 Pkreudaliſer
2529 446 2871 506 Weiſe.
2963 451 3064 511 Ich
3050 474 3278 534 habe

384 594 568 654 den
622 617 908 677 Leulter
1001 633 1479 693 geſchrieben,
1518 635 1672 695 daß
1772 632 1849 692 ich
1912 629 2042 689 von
2096 626 2205 686 der
2289 622 2668 682 Fraukf.
2737 622 2976 682 Zeit,
3061 632 3369 692 kereer

436 759 771 819 Schalt
838 781 1051 841 rehr
1141 789 1320 849 bezi
1342 789 1443 849 ehe
1510 786 1656 846 und
1734 782 1869 842 daß
1958 775 2081 835 ſie
2182 769 2372 829 mir
2529 766 3156 826 rofolgedeſſer

389 930 856 990 niiian
946 938 1829 998 Gauuur-Gehalt
1958 928 2561 988 voreuszahlen
2659 920 3142 980 röchten.
3202 917 3360 977 Das

392 1108 586 1168 iſt
649 1109 773 1169 vor
843 1109 1030 1169 zehn
1123 1105 1403 1165 Tagen
1466 1099 1870 1159 geſchehen
2026 1087 2166 1147 und
2268 1082 2345 1142 ich
2470 1074 2649 1134 habe
2750 1068 2898 1128 bis
2983 1062 3185 1122 Hert

401 1263 655 1323 richt
729 1273 884 1333 iie
918 1276 1118 1336 e
1212 1276 1360 1336 suu
1561 1268 1991 1328 Autnoost
2092 1251 2663 1311 Astomuen
2736 1239 2817 1299 So
2884 1235 3045 1295 ſitze
3105 1232 3199 1292 ich

379 1446 626 1506 Hier
697 1448 857 1508 ohn
952 1446 1135 1506 Geld
1255 1440 1335 1500 in
1406 1435 1533 1495 der
1621 1419 2219 1479 Abſcheolichſter
2346 1394 3206 1454 Schweierigkeiten,
3230 1395 3333 1455 die

352 1610 690 1670 durch
746 1618 847 1678 die
892 1619 1580 1679 Wichnachtspuit
1647 1603 1816 1663 und
1884 1592 2064 1652 das
2211 1569 2683 1629 Jahretode
2797 1551 2999 1611 mir
3089 1545 3258 1605 doch

373 1796 879 1856 Verehrt
1001 1791 1429 1851 werden,
1474 1773 1780 1833 Wein
1840 1758 1920 1818 ich
2033 1746 2190 1806 das
2286 1731 2470 1791 ſehe
2593 1716 2758 1776 und
2872 1705 3056 1765 dof
3143 1702 3300 1762 der

388 1958 826 2018 andern
940 1953 1168 2013 Seite
1240 1947 1390 2007 das
1462 1935 1941 1995 Bsdrauarn
1996 1910 2571 1970 conſtatire,
2602 1889 2775 1949 not
2944 1872 3081 1932 dem

368 2089 552 2149 Iie
671 2104 1188 2164 Rndasklion
1269 2102 1401 2162 der
1542 2090 1962 2150 Frackf.
2029 2075 2169 2135 Zeit
2272 2064 2420 2124 und
2509 2056 2657 2116 das
2730 2045 3233 2105 Prblikum

392 2256 838 2316 vuiinin
954 2262 1436 2322 Weggung
1552 2251 2024 2311 begleiten
2185 2239 2203 2299 –
2301 2234 2363 2294 ſo
2471 2226 2684 2286 reut
2783 2217 2961 2277 nich
3032 2210 3336 2270 bereits

380 2424 616 2484 der
675 2440 1049 2500 gehaßte
1158 2443 1710 2503 Entſcluß.
1788 2433 1986 2493 Auch
2064 2423 2331 2483 graut
2468 2409 2646 2469 vir
2784 2398 2931 2458 vor
3030 2392 3168 2452 der

422 2614 850 2674 duuu
927 2632 1383 2692 ſchweren
1551 2614 1845 2674 Anbeit
2007 2597 2021 2657 –
2175 2583 2315 2643 vor
2392 2570 2596 2630 dem
2701 2559 2995 2619 auiuu
3135 2564 3409 2624 Blaßſ

389 2783 678 2843 uud
731 2791 924 2851 drun
1039 2791 1364 2851 neuien
1460 2776 2075 2836 Pubeiksun.
2171 2759 2268 2819 Ich
2312 2753 2434 2813 ben
2496 2748 2558 2808 ſo
2698 2737 3075 2797 worde!

366 2933 625 2993 And
783 2937 867 2997 in
942 2939 1184 2999 dieſer
1342 2933 2010 2993 Mugploſigkut
2118 2920 2302 2980 habe
2377 2914 2453 2974 ich
2569 2905 2736 2965 mur
2836 2896 2995 2956 deu
3103 2883 3345 2943 su

400 3110 915 3170 Wunſch:
991 3115 1135 3175 nich
1192 3112 1353 3172 aus
1431 3103 1631 3163 all’
1707 3092 1889 3152 diſ
2050 3078 2204 3138 den
2337 3066 2777 3126 valloſen
2853 3073 3330 3133 Kämpfen

1716 3235 2077 3295 riche
2181 3235 2518 3295 Heirath
2654 3230 2726 3290 zu
2862 3227 3287 3287 retten.
398 3274 661 3334 Ind
711 3285 984 3345 Sorgen
1105 3279 1308 3339 druch
1388 3266 1731 3326 ain,

416 3453 725 3513 Aber
793 3448 965 3508 auch
1067 3445 1273 3505 dazu
1353 3441 1455 3501 iſt
1547 3440 1638 3500 es
1788 3436 2096 3496 leider
2187 3433 2404 3493 ſchon
2461 3433 2542 3493 zu
2656 3431 2941 3491 ſpät.

866 3617 1249 3677 Meien
1376 3615 1717 3675 Miitter
1860 3613 2079 3673 zieht
2193 3611 2363 3671 not
2492 3613 2804 3673 vir.
2889 3615 3002 3675 Si
3109 3618 3272 3678 aoß

404 3748 1021 3808 natziehen,
1141 3774 1372 3834 weil
1473 3778 1556 3838 ich
1638 3777 1851 3837 ſooſt
1943 3772 2128 3832 nicht
2202 3767 2349 3827 für
2432 3763 2663 3823 ihren
2800 3763 3344 3823 Naterhalt,

405 3923 823 3983 ſorgen
910 3931 1313 3991 körnnte.
1342 3931 1511 3991 Und
1570 3929 1665 3989 ſie
1783 3926 2053 3986 wäre
2112 3924 2164 3984 ſo
2266 3923 2479 3983 gern
2610 3925 2771 3985 hier
2933 3938 3380 3998 geblieben

442 4087 662 4147 bei
717 4097 957 4157 ihren
1067 4103 1556 4163 Enkelchen,
1593 4103 1657 4163 un
1694 4103 1823 4163 der
1915 4102 2191 4162 ſtillen
2329 4104 2891 4164 freudlchen
3011 4120 3324 4180 Stardt.
