1220 1522
182 132 463 192 Partschart,
486 150 559 210 29.
575 158 694 218 Juli.

162 322 324 382 Mein
350 330 481 390 lieber
518 338 690 398 Freund,

121 462 203 522 Ich
217 476 348 536 danke
375 489 445 549 Dir
472 502 542 562 für
576 510 734 570 Deinen
755 518 886 578 lieben
913 540 1024 600 Brief

61 543 189 603 und
213 557 342 617 Deine
371 576 739 636 Forſchungsreiſen.
769 603 903 663 Finde
921 615 1008 675 nur

62 635 257 695 etwas
289 648 401 708 Hohes
424 658 503 718 und
554 666 749 726 Kühles.
791 678 888 738 Hier
912 682 1028 742 iſtes

61 705 188 765 mir
222 723 264 783 zu
307 730 383 790 lau
421 737 497 797 und
544 744 619 804 die
639 748 733 808 Luft
747 750 795 810 iſt
814 756 894 816 mir
922 762 970 822 zu

63 789 234 849 matt.
263 816 458 876 Trozdem
475 826 595 886 bleibe
641 828 687 888 ich
704 833 813 893 wohl
841 846 927 906 eine
944 862 1070 922 Woche

82 886 260 946 hier,
273 895 385 955 weil
416 900 460 960 ich
494 904 560 964 ein
581 912 724 972 wenig
755 919 841 979 das
881 940 1115 1000 Beiſan.

68 974 210 1034 ſein
252 984 336 1044 mit
399 994 600 1054 Richard
631 1020 858 1080 genießen
905 1030 1057 1090 will.

66 1064 292 1124 Könnteſt
313 1081 361 1141 Du
387 1084 472 1144 nicht
529 1096 677 1156 igend
703 1115 850 1175 etwas
872 1121 929 1181 in
950 1125 1019 1185 den

77 1155 383 1215 Dolanite,
403 1175 449 1235 ſo
496 1182 576 1242 eim
602 1205 876 1265 Mudrmalà
955 1224 1022 1284 di

70 1249 349 1309 Fanſhlio
391 1273 525 1333 herden
567 1280 743 1340 hiedn!
795 1298 919 1358 Was
939 1308 1043 1368 geht

66 1338 182 1398 aus
200 1349 249 1409 di
280 1375 575 1435 Geſultſchaft
601 1383 673 1443 an
726 1390 856 1450 venn
874 1394 1003 1454 Kmir
