1209 1431
136 115 289 175 und
319 123 664 183 verworcener
747 125 899 185 Geiſt
935 131 995 191 iſt

133 201 255 261 und
277 199 320 259 da
353 200 400 260 ich
446 205 746 265 Erbittiung
767 208 995 268 darüter

143 279 394 339 empfinde,
407 277 554 337 dieſen
615 285 1087 345 minderweithigen

153 357 281 417 heuſt
306 357 379 417 als
404 353 586 413 großen
610 352 763 412 Dichter
807 369 1087 429 geprieſen

159 430 220 490 zu
247 435 353 495 ſehen
407 435 453 495 ſo
480 436 499 496 s
537 435 739 495 können
766 433 949 493 meine

162 516 434 576 Kritiken
452 513 620 573 absfolut
642 509 742 569 nicht
775 501 965 561 anders

148 591 404 651 lauten
443 585 518 645 und
554 578 739 638 können
768 568 868 628 auch
914 569 974 629 in

156 661 395 721 keinem
419 653 630 713 anderen
662 641 783 701 Tone
819 647 1100 707 geſchrieben

180 736 316 796 ſein

240 813 369 873 Du
412 817 528 877 irrſt
546 813 618 873 Dich
646 811 733 871 auch
762 811 928 871 wenn
956 803 1018 863 Du

148 891 391 951 glaubſt,
401 883 469 943 daß
510 881 563 941 Du
604 877 703 937 mir
750 874 960 934 immer

153 965 409 1025 ſchreibſt,
425 948 573 1008 wenn
598 941 653 1001 Du
685 939 782 999 über
826 932 974 992 eine

139 1027 373 1087 meiner
405 1013 632 1073 Arbeiten
676 1003 693 1063 ,
707 996 941 1056 entzückt
1007 998 1082 1058 it

135 1095 228 1155 Ich
253 1093 325 1153 bin
361 1089 631 1149 überzeugt,
642 1075 725 1135 daß
771 1069 825 1129 Du
876 1066 930 1126 in
959 1074 1121 1134 Wien

131 1171 321 1231 dieſem
378 1159 647 1219 »Entzücken
730 1146 898 1206 Worte
931 1150 1063 1210 vir¬

135 1249 355 1309 leihſt,
368 1246 414 1306 Du
445 1236 642 1296 vergißt
673 1226 720 1286 es
774 1225 878 1285 nur
937 1227 987 1287 in
1018 1235 1088 1295 der
