1143 1438
659 146 926 206 Rtseauenstensse
948 144 991 204 19.

64 179 227 239 Ieulin,
234 190 286 250 2l.
293 201 400 261 Arril.

271 318 461 378 Mein
483 330 595 390 lieber
636 335 803 395 Freund,

79 428 221 488 Dank
262 438 315 498 ſür
346 446 401 506 den
470 459 591 519 lieben
605 466 716 526 Brief!
744 474 830 534 Dank
861 482 924 542 auch
941 488 1000 548 für

69 485 159 545 den
190 499 341 559 dohrer
361 512 412 572 ei
452 529 713 589 Snbeidnur
734 540 905 600 »Belt.
925 558 1035 618 Habes

66 546 139 606 au
166 551 201 611 ih
210 558 247 618 ei
265 564 320 624 kti
355 583 582 643 geledie
617 609 844 669 Canfann
881 625 1024 685 nchal,

62 606 188 666 Deit
221 624 334 684 enlich
354 638 417 698 fer
455 653 551 713 dem
589 672 830 732 Beufungen
855 688 912 748 bei
932 705 1052 765 Beter

57 665 246 725 inahe
264 685 322 745 des
350 702 492 762 Frückes
539 734 756 794 genüber,

146 744 213 804 es
225 758 330 818 tan
356 772 435 832 ich
461 799 738 859 eitelumde
778 822 949 882 Hädich
975 851 1095 911 ghin

90 807 174 867 Ich
229 824 314 884 aluch
341 830 369 890 u
398 844 510 904 aden
537 863 676 923 beſch
692 874 747 934 iſt,
872 896 943 956 nne
984 916 1082 976 ihen

62 876 163 936 e
196 892 264 952 din
286 900 352 960 Bas
376 908 442 968 und
465 913 510 973 ein
521 923 633 983 Bid,
678 937 746 997 das
768 947 813 1007 iſt
836 957 914 1017 wah
937 964 981 1024 du

59 941 155 1001 Dehn
184 961 367 1021 Eiklürung
387 973 444 1033 für
478 983 569 1043 das,
579 991 680 1051 was
719 1003 762 1063 die
781 1013 897 1073 Natur
936 1022 998 1082 mit

49 1003 135 1063 ins
157 1014 284 1074 rahnt;
311 1026 379 1086 und
402 1045 660 1105 demjengen,
679 1059 737 1119 der
756 1069 882 1129 damach
914 1083 1059 1143 Handelt

45 1078 209 1138 ſpendet
231 1086 268 1146 ſie
321 1100 566 1160 Glücksgefühle,
596 1116 674 1176 wie
701 1129 865 1189 immer
909 1145 1025 1205 wenn

58 1136 173 1196 man
194 1147 238 1207 ihn
281 1160 461 1220 gehenen
512 1179 677 1239 Alſehten
713 1194 850 1254 erwäth,.
858 1199 944 1259 Das
965 1208 1008 1268 iſt

61 1201 156 1261 ders
178 1216 266 1276 Wez
289 1228 370 1288 zum
399 1238 531 1298 Gück:
553 1247 619 1307 die
641 1260 833 1320 geheinen
862 1282 1061 1342 Alſichten,

89 1289 187 1349 der
222 1304 347 1364 Natur
403 1312 584 1372 errathen.
611 1318 659 1378 Ich
675 1325 800 1385 wünſche
819 1331 869 1391 Dir
891 1337 984 1397 einer
997 1339 1088 1399 Sohn.
