1208 1434
122 115 311 175 dazu.
330 128 449 188 Suche
467 131 501 191 es
542 136 653 196 alſo,
665 140 768 200 bitte,
787 142 821 202 ſo
850 150 1099 210 einzunchten

144 186 229 246 daß
269 196 359 256 wir
395 201 447 261 im
473 202 636 262 Auguſt
677 209 759 269 und
788 216 851 276 an
884 227 1070 287 Worther

154 258 264 318 See
297 280 457 340 treffen.
490 284 581 344 Oje
601 288 679 348 und
733 289 835 349 Liee
880 294 1020 354 ſollen
1044 305 1122 365 auch

156 351 503 411 hinkommen,
523 356 609 416 Mit
629 362 805 422 Richard
854 368 973 428 treffe
993 372 1030 432 ich

145 405 259 465 nicht
277 414 362 474 gern
388 422 659 482 zuſammen,
691 429 799 489 weil
841 432 881 492 ich
902 434 1092 494 wirklich

151 480 370 540 nitert
417 490 591 550 darüber
610 496 681 556 bin
754 495 819 555 deß
855 500 902 560 er
935 502 1027 562 mir

152 543 271 603 nicht
294 547 382 607 eine
419 554 518 614 Zeile
565 561 785 621 geſchrieben
829 566 910 626 hat,
940 566 1035 626 ſeit

136 606 251 666 mir
294 618 371 678 uns
412 624 432 684 i
519 626 697 686 letzten
740 638 958 698 Simmer

135 676 340 736 getrennt
367 684 494 744 haben.

252 751 380 811 Was
414 757 462 817 Du
498 760 585 820 mir
628 765 730 825 über
759 772 942 832 Deinen

149 821 514 881 Seelenzuſtand
573 834 743 894 ſchreibſt,
773 832 820 892 iſt
846 842 1124 902 wunderſchön,

144 879 217 939 Du
249 888 310 948 haſt
349 890 416 950 zur
451 895 624 955 richtigen
663 904 733 964 Zeit
778 907 954 967 offenber
1002 918 1053 978 die

156 953 342 1013 richtige
369 958 458 1018 Frau
515 964 724 1024 getrofſen,
755 972 835 1032 und
862 973 901 1033 ich
932 984 1030 1044 hoffe

139 1027 264 1087 dieſe
294 1032 389 1092 Lebe
423 1033 506 1093 ſoll
544 1038 657 1098 riche
718 1048 843 1108 Frcht
869 1053 1040 1113 tragen

137 1091 214 1151 an
233 1106 480 1166 Dichteriſchen
507 1118 688 1178 Werken
738 1122 819 1182 und
888 1125 957 1185 an

161 1181 454 1241 Lebensglück.

201 1248 286 1308 In
303 1253 362 1313 der
393 1254 531 1314 Frankf
567 1260 665 1320 Zeit.
691 1269 799 1329 fand
847 1275 892 1335 ich
906 1287 1115 1347 beifolgende
