3714 4545
445 686 744 746 Clatz
2367 695 2642 755 hat
2796 684 3164 744 bereits

457 910 866 970 einen
998 920 1386 980 Artikel
1560 915 1745 975 dn
1939 908 1959 968 d
2204 894 2613 954 damber
2747 876 3288 936 gebracht.

404 1109 624 1169 der
700 1118 1051 1178 Genohfl
1204 1121 1314 1181 in
1456 1118 1807 1178 Wien
2038 1107 2301 1167 weiß
2520 1097 2728 1157 noch
2861 1088 3232 1148 nichts.

395 1360 695 1420 Aber
773 1357 875 1417 er
1031 1350 1185 1410 ſoll
1366 1341 1469 1401 in
1597 1327 2045 1387 einigen
2251 1308 2552 1368 Tagen
2629 1297 3385 1357 zurückkom¬

400 1569 711 1629 men
789 1562 984 1622 und
1112 1552 1375 1612 vaun
1521 1542 1775 1602 wird
1881 1535 2018 1595 die
2106 1525 2574 1585 Geſchichte
2682 1515 2906 1575 wohl

406 1792 1009 1852 losgehen.
1111 1796 1184 1856 Es
1255 1792 1613 1852 tommt
1726 1781 2104 1841 dazu,
2125 1772 2279 1832 daß
2401 1764 2545 1824 ſie
2780 1752 2996 1812 von
3077 1743 3374 1803 einem

464 2030 1027 2090 plöglichen
1174 2016 2009 2076 Wahrheitsdrang
2155 1999 2667 2059 befallen,
2792 1973 3177 2033 ecklart

381 2267 633 2327 ſie
749 2258 1046 2318 werde
1162 2248 1459 2308 ihrem
1693 2231 2169 2291 Manue
2267 2212 2744 2272 gegenn
2789 2197 2951 2257 ber

432 2475 723 2535 nicht
792 2482 1033 2542 Alles
1144 2472 1815 2532 allugeen
1975 2444 2537 2504 können.
2626 2434 2837 2494 Mit
2936 2437 3338 2497 banger

398 2716 792 2776 Sorge
913 2707 1067 2767 ſehe
1188 2700 1283 2760 ich
1403 2691 1546 2751 der
1726 2671 2420 2731 Kataſtrophe
2551 2663 2742 2723 eit
2802 2666 3257 2726 gegen,

416 2922 617 2982 die
708 2926 919 2986 kan
1162 2925 1394 2985 mehr
1596 2917 2242 2977 aufzuhelten
2372 2907 2554 2967 iſt.
2695 2900 3150 2960 Wenn

444 3157 691 3217 ihr
850 3149 1188 3209 Mann
1368 3146 1503 3206 ſie
1695 3143 2271 3203 verſtößt,
2349 3140 2540 3200 auß
2688 3137 2778 3197 ich
2890 3129 3284 3189 eatürlich

439 3378 649 3438 ſie
710 3386 1377 3446 aufeeheen.
1501 3392 1723 3452 Und
1809 3394 2031 3454 was
2155 3393 2303 3453 ſoll
2389 3391 2475 3451 ich
2575 3388 2660 3448 in
2784 3380 3216 3440 meinen

458 3637 1322 3697 Verhältniſſen,
1366 3641 1511 3701 wo
1600 3641 1677 3701 ich
1811 3640 2111 3700 meine
2255 3636 2654 3696 Mutter
2854 3629 3042 3689 und

432 3864 705 3924 mich
831 3871 1218 3931 gerade
1412 3875 2199 3935 durchbringe,
2278 3875 2699 3935 plötzlich
2814 3877 3019 3937 mit

525 4102 853 4162 einer
1000 4114 1308 4174 Frau
1466 4124 2100 4184 enfangen,
