1209 1438
52 203 186 263 auch,
195 207 256 267 daß
292 215 358 275 das
399 223 603 283 Fräulein
652 234 824 294 weiter
864 235 934 295 bei

61 285 238 345 dieſem
255 297 341 357 Arzt
362 302 403 362 in
457 316 725 376 Behandlung
759 326 916 386 kleibe,
928 332 973 392 da
1002 335 1039 395 er

76 372 263 432 großen
303 396 558 456 pſychiſchen
607 403 745 463 Einfluß
799 407 870 467 auf
901 414 1017 474 ſeine

73 468 338 528 Patienten
405 480 516 540 habe.
556 478 631 538 Die
651 492 1035 552 Behandlungin¬

56 540 151 600 der
182 551 292 611 Neſe
338 559 402 619 ſei
465 560 716 620 allenlings
769 566 900 626 eine

78 638 418 698 »Gemeinheit«.
461 638 499 698 Ob
546 651 759 711 Maleria
807 652 1006 712 vorlirge

65 726 248 786 könne
283 724 386 784 man
432 724 516 784 nicht
562 732 750 792 wiſſen,
772 741 937 801 ſolange
948 762 1048 822 keine

62 812 384 872 Trmperater
486 826 756 886 Miſſungen
850 836 927 896 u.
947 846 1078 906 Blut¬

86 896 512 956 Unterſuchungen
578 919 986 979 vorgenommen,

62 977 254 1037 moran
279 983 333 1043 der
391 992 649 1052 behandelnde
707 1003 812 1063 Arzt
877 1009 986 1069 nicht

71 1069 140 1129 zu
178 1073 342 1133 denten
412 1090 618 1150 ſcheine.

238 1170 354 1230 Daß
387 1180 502 1240 man
563 1184 634 1244 Dich
667 1189 767 1249 doch
810 1205 926 1265 noch

136 1281 502 1341 ehrengerichtlich
540 1303 801 1363 verfolgt,
823 1304 895 1364 iſt
