3992 5871
528 812 1054 872 blutig
1169 818 1801 878 werden.
1958 829 2231 889 Aber
2337 834 2748 894 ſonſt,
2790 832 3095 892 wie

500 1038 1123 1098 geſagt,
1213 1034 1343 1094 iſt
1446 1031 1692 1091 nur
1848 1026 2225 1086 Deine
2445 1029 3326 1089 Stimmung

560 1259 750 1319 ſo
1009 1240 1918 1300 verſtändlich.
2041 1253 2334 1313 Was
2445 1257 2603 1317 Du
2771 1260 2784 1320 X
3187 1253 3333 1313 in

540 1473 1023 1533 dieſem
1112 1472 1763 1532 Augenblick
1951 1467 1970 1527 v
2227 1469 3115 1529 empfindeſt,
3281 1490 3509 1550 habe

447 1695 701 1755 ich
799 1697 1098 1757 mein
1175 1693 1681 1753 ganzes
1935 1686 2310 1746 Leben
2465 1688 2806 1748 lang
2939 1699 3478 1759 gefühlt.

480 1892 1101 1952 Immer
1196 1898 1449 1958 dieſe
1627 1906 2333 1966 furchtbare
2480 1909 2964 1969 Lerre.
3111 1901 3270 1961 Ich

551 2124 895 2184 habe
1013 2124 1213 2184 mie
1321 2124 1567 2184 mit
1749 2126 2593 2186 Jemandem
2774 2131 3255 2191 theilen

563 2323 1370 2383 können,
1459 2327 1656 2387 Dir
1783 2330 2039 2390 aber
2158 2337 2493 2397 war
2670 2349 3094 2409 dieſes
3231 2365 3458 2425 hohe

661 2535 1112 2595 Glück
1275 2548 2120 2608 wenigſtens
2254 2563 2715 2623 einige
2956 2568 3321 2628 Jahre

487 2753 861 2813 lang
1001 2773 1684 2833 gegeben,
1712 2771 1965 2831 und
2011 2768 2086 2828 es
2152 2764 2480 2824 wird
2601 2757 2826 2817 Dir
3049 2752 3068 2812 m

511 2981 1123 3041 wieder
1185 2984 1897 3044 beſchieden
2069 2982 2486 3042 ſein.
2583 2980 2731 3040 Ich
2804 2982 3037 3042 habe
3136 2985 3381 3045 zur

488 3192 1444 3252 Ausfüllung
1553 3216 2088 3276 meiner
2335 3216 2963 3276 Exiſtenz,
3031 3212 3278 3272 zur

468 3430 1508 3490 Befriedigung
1699 3431 1983 3491 all’
2073 3430 2628 3490 meiner
2786 3436 3396 3496 Sehnſecht

470 3641 754 3701 nie
887 3650 1364 3710 etwas
1472 3646 2114 3706 gehabt,
2165 3642 2340 3702 als
2524 3642 3092 3702 meine

546 3862 1113 3922 Arbeit
1318 3850 1336 3910 –
1460 3850 1717 3910 und
1913 3855 2347 3915 welche
2569 3856 3076 3916 Arbeit

514 4050 781 4110 Die
852 4053 1359 4113 Arbeit,
1401 4059 1571 4119 an
1641 4062 1797 4122 die
1925 4067 2051 4127 ich
2151 4072 2589 4132 facher
2743 4074 3421 4134 geglaubt

500 4282 1245 4342 wißachte
1339 4278 1487 4338 ich
1612 4276 1886 4336 jetzt
1991 4273 2201 4333 als
2390 4274 2863 4334 etwas
3009 4285 3587 4345 Gekün¬

556 4504 1118 4564 ſteltes
1233 4500 1497 4560 und
1692 4500 2690 4560 Weſenloſes.
2828 4494 3184 4554 Nur

551 4702 893 4762 das
1053 4728 1816 4788 Menſchliche
1929 4721 2123 4781 hat
2261 4711 2751 4771 Werth,
2887 4706 2921 4766 –
3047 4706 3320 4766 mir

487 4939 968 4999 das,
1023 4951 1340 5011 was
1477 4940 1787 5000 wir
2005 4930 2532 4990 leben.

814 5155 1133 5215 Ich
1254 5162 1547 5222 hab’
1641 5164 1933 5224 mich
2095 5158 2535 5218 ſelten
2614 5156 2721 5216 ſo
2869 5154 3028 5214 in
3134 5156 3508 5216 Dein
