1211 1442
136 122 572 182 aufgeſchwungen
593 123 661 183 hat
704 120 759 180 in
789 119 862 179 der
900 121 943 181 er
977 124 1062 184 den

142 201 389 261 Wunſch
411 202 667 262 ausſpricht,
679 192 766 252 mich
792 188 835 248 zu
866 188 1040 248 ſehen,

137 273 315 333 werde
339 271 381 331 ich
423 276 778 336 wahrſcheinlich
823 276 1070 336 überhaupt

137 359 275 419 nicht
314 358 589 418 aufſuchen.

273 436 438 496 Mir
468 438 582 498 liegt
606 440 705 500 nun
738 444 966 504 daran,
983 448 1040 508 in

153 503 281 563 Ruhe
311 516 553 576 irgendwo
596 513 814 573 möglichſt
869 520 966 580 hoch

161 585 258 645 ein
273 595 403 655 par
450 610 627 670 Wochen
653 612 707 672 zu
751 619 1087 679 verbringen,

141 677 274 737 am
300 685 478 745 Liebſten
504 688 546 748 in
563 686 643 746 den
686 698 1023 758 Dolomiten

139 754 326 814 wenn
349 764 441 824 das
486 764 712 824 Gödner
742 775 842 835 thel
914 784 968 844 zu

137 839 325 899 ſonng
350 838 434 898 iſt.
455 841 531 901 Die
547 840 698 900 Idee,
723 843 799 903 den
840 854 1012 914 Schluß

142 905 258 965 am
288 921 539 981 Gardaſee
566 923 616 983 zu
670 923 874 983 machen,
885 930 1043 990 finde

124 985 197 1045 ich
228 1000 540 1060 entzückend.
571 996 666 1056 Den
703 997 817 1057 Ort,
830 1002 900 1062 wo
931 1004 1048 1064 wir

156 1061 268 1121 bis
293 1068 582 1128 dafinbleiben
624 1068 801 1128 wollen
871 1070 1040 1130 magſt

147 1130 231 1190 Du
268 1138 558 1198 beſtimmen.
591 1138 701 1198 Nur
742 1140 859 1200 bitte
892 1137 943 1197 ich
977 1144 1068 1204 Dich

144 1202 292 1262 dabei
315 1208 412 1268 auch
431 1210 496 1270 ein
519 1212 638 1272 kein
687 1216 839 1276 weni
884 1222 1071 1282 wene

148 1286 392 1346 Wünſche
412 1290 455 1350 zu
476 1290 887 1350 berückſichtigen.
895 1306 946 1366 So
979 1312 1062 1372 ſehr
