3699 4543
514 527 983 587 ganzen
1085 527 1394 587 Beriht
1590 527 1607 587 u
1984 533 2564 593 widuict,
2598 567 2765 627 ſo
2871 550 3115 610 liegt

427 759 763 819 oee
836 761 1091 821 jerlen
1264 755 1664 815 Zweifel
1801 747 1982 807 das
2174 743 2702 803 Beſtreben
2820 753 3084 813 einer

448 991 1146 1051 Herſoolichen
1287 972 2162 1032 Dierſtleiſtinig
2264 953 2516 1013 vor,
2609 950 2796 1010 uud
2935 954 3196 1014 keria

471 1197 1165 1257 arſtändige
1257 1190 1681 1250 Zeitung
1836 1174 2067 1234 wird
2168 1166 2245 1226 es
2353 1160 2476 1220 ſich
2623 1153 2800 1213 von
2893 1150 3248 1210 eruin

432 1412 839 1472 Herrn
968 1404 1705 1464 Wassermaun
1800 1390 2234 1450 gefallen
2364 1370 2815 1430 laſſen,
2875 1354 3031 1414 daß
3161 1341 3265 1401 er

419 1592 644 1652 der
785 1616 1030 1676 ſonſt
1179 1620 1245 1680 ſo
1330 1612 1771 1672 ſänng
1894 1596 1987 1656 un
2118 1582 2523 1642 perinu
2645 1578 3292 1638 dienſtlichen

476 1837 1325 1897 Obliegerheiten
1482 1829 1626 1889 ſich
1782 1811 2145 1871 zeigt,
2259 1790 2559 1850 gleich
2716 1775 2902 1835 oot
3027 1768 3182 1828 der

416 2054 866 2114 Ocder
939 2056 1107 2116 bei
1245 2049 1390 2109 der
1567 2035 1816 2095 Hrud
1962 2018 2139 2078 iſt,
2244 1999 2607 2059 wenn
2679 1987 2776 2047 es
2937 1976 3146 2036 gilt

2185 2190 2750 2250 Kikevu
2820 2180 2888 2240 zu
2987 2178 3315 2238 nachen
448 2239 851 2299 viun
1013 2234 1611 2294 Babaiuuten
1749 2205 2114 2265 erne¬

890 2442 1052 2502 Au
1155 2473 1986 2533 Schuartzkopf
2098 2462 2433 2522 werde
2527 2451 2612 2511 ich
2724 2446 3127 2506 kerin

411 2643 1546 2703 lieberswürdigen
1663 2665 1925 2725 Brief
2025 2675 2589 2735 ſchreiben.
2840 2686 2883 2746 S
2962 2701 3205 2761 ſchätze

423 2833 723 2893 und
820 2860 1189 2920 verehre
1306 2867 1539 2927 ihn,
1578 2866 1782 2926 wie
1889 2864 2024 2924 Du
2190 2863 2627 2923 weißt.
2792 2882 3131 2942 Aber¬

423 3079 1148 3139 Hirschfeld
1287 3083 1493 3143 ſteht
1609 3075 1793 3135 mir
1966 3061 2265 3121 Bäher
2391 3050 2576 3110 und
2668 3046 2795 3106 iſt
2910 3048 3129 3108 auch

429 3297 698 3357 Oen
775 3308 1062 3368 jeden
1200 3305 1634 3365 Zweifel
1816 3292 1929 3352 in
2024 3280 2380 3340 ſecaer
2518 3268 2987 3328 ganzen
3099 3271 3299 3331 Art

463 3524 1358 3584 geeigeeter,
1378 3523 1535 3583 die
1644 3514 2568 3574 Berichteiſtettung
2686 3508 2863 3568 für
3031 3511 3168 3571 die

464 3737 1224 3797 Frankfurter
1416 3745 1967 3805 Zeitung«
2104 3738 2205 3798 zu
2324 3733 3103 3793 übernehmen

485 3948 944 4008 dnsorgl
1072 3962 1820 4022 Schuarskopf
1895 3957 2290 4017 ſicherlch
2430 3953 2653 4013 ſon
2782 3956 3059 4016 Sache

514 4130 797 4190 auch
874 4143 1037 4203 ſehr
1243 4150 1415 4210 gut
1604 4147 2042 4207 mchen
2197 4135 2635 4195 würde.
2703 4126 3287 4186 Invunrhin
