4744 6676
680 1103 4288 1205 Schreiben Sie mir, bitte, wozu Sie sich entschließen.
680 1291 4328 1401 Wenn Sie hier herum eine Tour machen, dann
616 1503 4040 1573 könnten wir uns Sonntag doch vielleicht in
568 1663 4332 1781 Toblach treffen, um die Tour nach Cortina
568 1831 3804 1949 wenigstens gemeinschaftlich zu machen.
596 2019 4208 2133 Ampezzo wollen Sie sich unter keiner Bedingung
576 2183 4224 2325 entgehen laßen. Man findet nirgends so eine
604 2387 3240 2513 schöne Straße, und so eine Gegend.
772 2615 4088 2753 Jedenfalls wird mir bis auf weiteres nichts
688 2779 4000 2921 übrig bleiben, als Verschen zu schreiben, um
660 2923 3596 3081 mir »den Tach um die Ohren zu schlagen.«
692 3059 4096 3297 Noch Eins. Wollen Sie nicht zu meinem Papa gehen,
720 3223 4092 3453 und ihm sagen, er soll mir mehr Geld geben?
604 3407 3880 3617 Er stellt sich vor, man bekommt hier Alles
604 3583 4328 3785 geschenkt. Sie könnten ihm ordentlich zureden,
644 3767 4184 3957 er hört auf Sie, und es würde mir jetzt nützen.
932 3939 4160 4145 Jedenfalls bitte ich Sie um baldige Nach¬
600 4100 4299 4358 richt. Mir träumte heute Frl. Sofi käme zu mir, und
584 4231 4312 4485 sagte mir, sie habe erfahren, Sie betrügen sie mit
664 4367 4220 4597 Frl. G. ich solle ihr helfen. Frl. G. saß gerade bei
548 4547 4304 4753 mir und ich wollte sie auf ihre Bitten elektrisieren,
568 4715 4284 4885 denn sie behauptete, dann würden Sie sie heiraten.
552 4843 4256 5029 Mein Bruder schrie zur Thür herein, Minnie B. wolle
556 4971 4236 5157 mich erschlagen, wenn ich so was thäte, und ich
592 5103 4188 5285 wusste mir nicht zu helfen und verwünschte Sie
588 5295 2568 5421 mit Ihren 3 Frauenzimmern.
608 5415 2820 5577 Heute soll Defregger her kommen.
784 5547 3692 5705 Seien Sie herzlichst gegrüßt von Ihrem
3760 5671 4120 5729 Salten
