3925 5834
632 1731 3393 1845 Lieber Freund! Hier ist es einfach
576 1931 3389 2033 herrlich. Gestern mit Rad und
664 2139 3293 2213 Hund in Dölsach Lienz gewesen,
652 2339 3545 2417 und dort eine Einladung zu einem
624 2495 3437 2593 Radfahrfeste erhalten. Im Coupé
612 2671 3485 2801 mit einem polnischen Juden übers
832 2900 3361 2990 – Bicycle gesprochen. Nächste
608 3112 3321 3186 Woche fahre ich per Bahn nach
628 3280 3277 3374 Toblach, von da nach Cortina.
648 3484 2997 3566 Dann berichte ich über Alles.
664 3676 3281 3770 Hier in der kleinen Dorfkirche
540 3860 3269 3970 ist das Original von Defreggers
564 4036 3169 4158 Madonna und viele Jugend¬
604 4220 3141 4378 skizzen, wie Portraits von ihm
620 4420 3453 4586 zeigt der Wirt in seiner Stube.
616 4636 3237 4814 Wenn Sie schreiben, dann
