3675 5406
2659 874 3354 948 Unterach, 10. VIII. 92.
587 1002 2946 1092 Ich habe viele Menschen,
459 1190 3214 1268 die mir werth sind, die ich
439 1354 3274 1436 schätze und die mir sympathisch
435 1518 3318 1616 sind, ich habe aber nur einen,
427 1686 3010 1772 den ich wirklich liebe und
459 1858 3134 1952 nur einen, dem ich wirklich
435 2030 3162 2136 Freund bin, und das sind
411 2206 3270 2292 Sie! Bitte Sie aufrichtigst schreiben
411 2366 3190 2440 Sie mir umgehend Alles, was
431 2514 3202 2604 Sie mir gegenüber auf der Seele
439 2665 3206 2747 haben, schreiben Sie es mir bitte
439 2813 3062 2907 gleich, denn ich werde hier
447 2989 3082 3071 nicht ruhig sein, bis ich
411 3153 2898 3239 nicht Alles von Ihnen
403 3297 3038 3395 gehört. Dass ich meine Abreise
419 3457 3166 3539 nicht dennoch um einen Tag
443 3613 2978 3707 hinausgeschoben thut mir
391 3757 3290 3855 jetzt sehr leid. Ich hoffe Sie nehmen
395 3885 3226 4031 sich die halbe Stunde Zeit, damit
395 4025 3245 4175 wir wieder in klare Luft kommen.
391 4169 3226 4307 Das ist nun mein ungeduldiger Wunsch
851 4345 1987 4415 Ihr aufrichtig ergebe
