6483 6240
3212 1263 5400 1369 auf das »frühere Verhältnis« hoffen
3408 1531 5988 1641 darf, allein das Eine will ich Ihnen
3736 1775 6068 1873 ſagen, dſs mir jetzt zu trauen iſt wie
3184 2047 5900 2133 nur irgend Einem, dſs ich auch gute
3208 2303 5772 2401 Kerne in mir trage, die nicht
3264 2599 5980 2681 vernichtet werden ſollen u daſs
3380 2815 5920 2965 ſolange ich denken u fühlen kan̄,
3252 3115 5900 3213 mein Geiſt u meine Seele unzer¬
4000 3411 4512 3497 brechlich Ihnen zu eigen bleibt.
3392 3647 5904 3781 Es mag das erſtgradig klingen, doch
3272 3903 5805 4029 kom̄t es mir zu ſehr aus tief¬
3260 4199 5936 4277 innerſtem erſchüttertem Gemüth,
3204 4467 5780 4549 als dſs ich es ſtiliſiren könnte!
3500 4751 5624 4829 Ich mache keinen Verſuch der
3752 4999 5716 5077 Entſchuldigung, keinen Ihre
3320 5267 5664 5361 Vertraulichkeit wieder zu er¬
