3618 6130
2159 1039 3143 1102 Unterach, 17.8.
2556 1227 2904 1289 1892
432 1787 3081 2053 Verehrteſter! Ich bin durch das was
396 2091 2916 2269 ich die ganzen Tage hier durch¬
432 2311 3036 2525 lebt, wirklich für mein Vergehen
420 2579 3060 2769 hart geſtraft, und nicht zuletzt
416 2847 3237 3033 iſt es Ihre Güte, die mich faſt ganz
440 3152 3081 3310 zu Boden drückt. Glauben Sie mir –
444 3460 3209 3578 und Sie können mir jetzt glau¬
440 3716 3149 3846 ben, – ich ſtehe vor mir ſelber wie
436 3988 3189 4126 vor einem Rätſel! Ich will ſehr
416 4236 3141 4374 kurz ſein, Ihnen keine Phraſen
468 4532 2768 4634 machen. Erlaſſen Sie mir
464 4824 2796 4954 bitte, ein detailliertes Geſtänd¬
