2840 4883
1087 2158 2239 2240 Cortina d’Ampezzo, 14. 8. 93.
519 2306 2435 2476 Lieber Freund! Die Fahrt hieher
395 2514 2447 2640 einfach das Herrlichste, was es gibt,
395 2674 2391 2776 die Straße von unerhörter Glätte.
407 2790 2367 2924 Wenn Sie kommen, fahren wir
507 2918 2207 3060 nach Piève di Cadore, ja? Es
671 3046 2311 3192 soll gleichfalls herrlich sein.
463 3178 2459 3360 Ich habe die 35 Km in 1½ Stunden
463 3278 2439 3472 gemacht, ungerechnet den Aufenthalt
443 3454 1655 3572 in Landro. Dieses Bergabfahren von
427 3590 1463 3688 Landro an, na, Sie werden sehen.
431 3662 1951 3796 Ich habe nach Cortina dann die Temperatur
443 3790 1575 3896 verachtet, u. als ich ankam, war ich
423 3928 2394 3995 rein Erstgradig, was ich jetzt eher
403 3982 1531 4092 nicht mehr ganz bin. Ich schreibe
415 4082 2463 4164 nochmals genau. Herzlich Ihr Salten
