4180 6891
703 1994 3363 2088 Lieber Freund! Warum habe ich bis
531 2254 3723 2324 heute keinen Brief? Ich bin außer mir.
495 2486 3495 2556 Ich leide hier entsetzlich unter einem nie
471 2730 3655 2800 geahnten Rückfall, und stehe Qualen aus,
487 2962 3787 3052 die nur Sie sich vorstellen können, und nun
455 3194 3447 3272 deute ich mir Ihr Stillschweigen auf die
459 3422 3511 3512 gräßlichste Weise. Ich stelle mir vor, wer
407 3670 3483 3748 weiß, was Sie erfahren haben, u. das Sie
439 3906 3531 3984 mir nicht verschweigen können, dass Sie
399 4134 3663 4224 mich aber hier nicht in Aufregung ver¬
383 4382 3671 4460 setzen wollen, so schreiben lieber Sie gar¬
415 4634 3515 4708 nicht. Oder ich vermuthe, wer weiss, wie
387 4862 3743 4952 es Ihnen bes ergeht, und bin schrecklich auf¬
455 5114 3651 5192 geregt darüber. Schreiben Sie mir gleich,
419 5350 3431 5432 was im̄er auch geschehen sein mag.
451 5606 3759 5684 Es ist nicht freundschaftlich gerade von
