4070 7259
669 2274 1160 2334 Lieber
1289 2280 1884 2340 Arthur,
1949 2283 2091 2343 ich
2207 2275 2504 2335 hatte
2608 2279 2750 2339 bie
2854 2283 3074 2343 jetzt
3279 2288 3307 2348 zi

603 2482 1106 2542 sthn,
1134 2490 1315 2550 und
1400 2486 1732 2546 Monte
1827 2487 2055 2547 auch
2226 2487 2472 2547 nicht
2568 2487 2738 2547 auf
2872 2489 2995 2549 Sie
3089 2487 3631 2547 Akadenne

582 2694 1181 2754 komen.
1223 2703 1581 2763 Vekeicht
1675 2707 2221 2767 enssfängt
2348 2702 2568 2762 mich
2725 2703 2925 2763 Herr
3041 2707 3398 2767 Beitlen

580 2915 1216 2975 Tserstag
1353 2911 1511 2971 weer
1636 2912 1988 2972 Freiltgl
2125 2928 2273 2988 im
2341 2927 2375 2987 1½2
2489 2923 2659 2983 13.
2682 2924 2886 2984 .
2931 2924 3114 2984 Das
3170 2927 3296 2987 ist
3375 2923 3557 2983 eine

585 3143 1131 3203 Atunde,
1160 3147 1188 3207 zu
1333 3138 1639 3198 weleher
1726 3141 1822 3201 ics
1957 3148 2043 3208 in
2109 3142 2455 3202 keinen
2560 3131 2791 3191 Falle
2878 3141 3434 3201 verhondeh

604 3356 1013 3416 bin.
1054 3359 1233 3419 Dals
1314 3351 1534 3411 heute
1653 3352 1913 3412 strsas
1994 3359 2193 3419 mit
2333 3359 2533 3419 dem
2643 3363 3382 3423 Rgtheale.

616 3564 838 3624 Ich
943 3574 1119 3634 wein
1212 3571 1412 3631 noch
1530 3575 1845 3635 nicht,
1880 3575 1963 3635 vol
2068 3571 2173 3631 ich
2291 3575 2701 3635 kann,
2736 3579 2923 3639 aber
2970 3575 3181 3635 eist

578 3783 1170 3843 mimerhin
1302 3791 1649 3851 möglich

2256 3995 2660 4055 herzlich
2783 3995 2914 4055 Ihr

2764 4091 3246 4151 –alten
