3463 6084
1948 1275 2848 1349 Wien, 7. VIII. 94
620 1923 1460 1989 Lieber Arthur,
536 2135 2848 2217 I. Prozess ist neuerdings vertagt.
524 2367 2980 2433 II. Wie ich Ihnen auf meiner Karte nach
460 2579 2764 2645 Salzburg berichtet, lebt H. M. bei ihren
512 2775 2956 2865 Eltern, welche bis zum 1. d. M. Alserstrasse 42
488 3003 2936 3073 wohnten, aber übersiedelt sind. Ich konnte
504 3219 2860 3309 damals die neue Adresse nicht ermitteln,
480 3411 2800 3513 habe sie jedoch heute erfragt. H. M.
484 3651 2984 3733 wohnt: Hernals, Veronikagasse 25, II. Stock,
504 3851 892 3933 Thür 19.
480 4083 1692 4153 III. Heldentod ruht.
484 4299 2892 4381 IV.	Confirmandin geht langsam
536 4507 2972 4597 vorwärts, doch war ich in diesen
