3851 5989
744 2186 1368 2246 Lieber
1467 2136 2120 2196 Arthnur,
2176 2115 2205 2175 o
2418 2102 2547 2162 Nie
2632 2048 3256 2108 Versalitrung

717 2371 1119 2431 wber
1219 2352 1406 2412 das
1522 2316 1794 2376 Auck
2024 2268 2341 2328 micht
2526 2247 2786 2307 genas
2885 2199 3330 2259 soan,

674 2547 1318 2607 gechne
1452 2490 1829 2550 Gele
1942 2447 2208 2507 ich,
2274 2424 2453 2484 din
2563 2397 2920 2457 mean
3052 2344 3319 2404 Aue

738 2742 1026 2802 sich
1216 2707 1536 2767 mis
1698 2656 2049 2716 mums
2207 2598 2626 2658 mime
2784 2531 3136 2591 Aoe

772 2935 1057 2995 iseh
1174 2883 1547 2943 malts
1720 2807 2034 2867 eie
2178 2740 2693 2800 vorgen
2809 2675 3300 2735 Poe,

767 3075 1680 3135 Romaln
1808 2982 2187 3042 uns
2407 2908 2438 2968 I
2755 2832 3262 2892 Roe,

812 3278 1443 3338 menaan
1595 3174 2005 3234 is
2193 3089 2451 3149 im
2525 3044 2603 3104 A
3013 2970 3234 3030 1r

840 3450 1740 3510 isiih
2018 3270 2573 3330 mm

828 3633 1613 3693 nihan
1832 3475 2508 3535 ie1o
2618 3355 2898 3415 1e

813 3855 1265 3915 nili
1662 3651 2815 3711 eieRoo

853 3954 2237 4014 imieh
2402 3801 2556 3861 do

810 4243 963 4303 nin
1111 4153 1719 4213 lahde
1921 4024 2075 4084 de
2277 3962 2480 4022 ie
2683 3894 3137 3954 Aole

828 4411 1003 4471 si
1409 4271 2278 4331 mmie
2510 4094 3147 4154 Aoe

883 4496 2284 4556 imicht
2519 4320 2595 4380 o

914 4799 1076 4859 nin
1231 4725 1606 4785 sich
1819 4636 2026 4696 dieh
2239 4557 2562 4617 mich
2666 4503 2827 4563 wo

875 5000 936 5060 mi
1468 4897 1809 4957 Grale
1966 4810 2437 4870 mean
2559 4692 3183 4752 ge,
