3876 6024
2387 1093 2610 1153 I.
2627 1087 2815 1147 Sucle
2901 1072 3072 1132 93.

633 1946 1147 2006 Lieber
1224 1906 1750 1966 Freund!
1813 1882 1977 1942 Das
2052 1870 2216 1930 war
2317 1852 2481 1912 shr
2543 1844 2681 1904 hab
2795 1825 2933 1885 um
3020 1805 3297 1865 Ihnen

662 2073 923 2133 dass
999 2070 1117 2130 Sie
1210 2058 1404 2118 mir
1496 2036 2120 2096 mittheillen,
2154 2018 2263 2078 ich
2365 2000 2609 2060 warde
2711 1968 2837 2028 eft
2921 1952 3224 2012 gelost

675 2184 683 2244 a
893 2191 1159 2251 hat,
1205 2180 1424 2240 mich
1556 2158 1735 2218 sehr
1829 2147 2258 2207 gefreut,
2289 2123 2515 2183 dennn
2617 2102 2710 2162 ich
2843 2070 3194 2130 begraife

702 2306 1129 2366 immer
1241 2287 1616 2347 mehr,
1646 2263 1825 2323 dass
1923 2245 2050 2305 der
2155 2232 2387 2292 Rgo
2522 2214 2769 2274 secht
2844 2184 3122 2244 hal,
3152 2168 3391 2228 wenn

686 2399 820 2459 er
878 2414 1091 2474 salt
1285 2403 1459 2463 jdele
1536 2384 1797 2444 mcht
1885 2358 2088 2418 ehr
2146 2342 2349 2402 glkht
2426 2329 2813 2389 werdin.
2852 2318 2967 2378 Sie
3036 2292 3364 2352 konmsen

684 2523 885 2583 sich
1034 2522 1547 2582 vorstellen,
1569 2496 1905 2556 welches
1979 2464 2314 2524 Geirsicht
2426 2450 2529 2510 ich
2664 2435 2961 2495 auuef,
2991 2417 3177 2477 das

697 2648 1144 2708 Mrtheil
1277 2627 1426 2687 von
1517 2600 2048 2660 Naumauuns
2122 2571 2379 2631 lege.
2412 2554 2611 2614 »Zetst
2711 2532 2868 2592 est
2984 2516 3332 2576 glate

699 2770 1109 2830 sih,
1140 2748 1338 2808 wass
1422 2738 1521 2798 ich
1666 2710 1840 2770 doch
1963 2696 2244 2756 shras
2343 2680 2762 2740 kann.
2785 2652 2900 2712 Ich
3021 2629 3250 2689 habe

706 2868 986 2928 mur
1075 2859 1227 2919 jehzt
1324 2850 1597 2910 meine
1693 2816 2214 2876 Reicklelus
2294 2778 3281 2838 zisammmekllen

703 2992 1233 3052 laßsen,
1265 2971 1466 3031 und
1586 2948 1948 3008 schicke
2075 2926 2196 2986 sie
2300 2900 2734 2960 Ihnen,
2766 2864 3208 2924 morgen

706 3104 1143 3164 wahlen
1261 3075 1464 3135 Sie.
1495 3065 1901 3125 Rassn,
1932 3042 2261 3102 welsche
2355 3005 2706 3065 Auig,
2738 2983 2956 3043 und
3066 2968 3417 3028 senden

707 3218 936 3278 Sie
1056 3204 1191 3264 was
1276 3192 1421 3252 am
1514 3177 2092 3237 Geidmaum
2202 3137 2534 3197 weiter
2661 3115 2686 3175 na
3128 3077 3366 3137 as

718 3315 871 3375 ich
1002 3312 1189 3372 Ber
1246 3300 1766 3360 koflann
1881 3273 2173 3333 nichts
2255 3230 2872 3290 gesschwiekein
2995 3188 3230 3248 habe

704 3434 948 3494 soll
1053 3418 1304 3478 nicht
1444 3392 2037 3452 missdentet
2148 3356 2616 3416 werden,
2651 3352 2665 3412 zu
2826 3324 3139 3384 einen

755 3536 1054 3596 Brief
1163 3520 1462 3580 lan,
1494 3510 1777 3570 weisn,
1808 3480 2351 3540 außerlich
2484 3462 2815 3522 nichts
2901 3441 3027 3501 wir
3160 3437 3357 3497 und

779 3656 1024 3716 Uhn
1085 3652 1232 3712 etlif
1340 3633 1462 3693 Sen
1562 3620 2207 3680 Mirstelrrater
2323 3596 2484 3656 eine
2584 3564 3099 3624 Mintsng

773 3771 1401 3831 schrelilen,
1448 3747 1875 3807 Mechtts
1899 3742 2005 3802 ich
2148 3716 2491 3776 nicht,
2527 3696 2752 3756 weil
2883 3676 2989 3736 ich
3132 3666 3156 3726 vi

740 3884 1004 3944 nicht
1093 3868 1469 3928 selstste,
1500 3856 1522 3916 wi
1741 3846 1965 3906 ihn
2049 3830 2168 3890 der
2252 3812 2905 3872 Mirsstelpater
2973 3780 3237 3840 gefat
3289 3769 3439 3829 lin

790 3994 1199 4054 weide,
1220 3977 1430 4037 und
1529 3956 1879 4016 weil,
1909 3945 1929 4005 –
2048 3932 2319 3992 mun
2438 3924 2558 3984 Sie
2697 3914 3067 3974 momein
3198 3908 3218 3968 ja

766 4116 1000 4176 wass
1091 4094 1183 4154 ich
1325 4073 1450 4133 dar
1558 4068 1984 4128 vielleicht
2085 4052 2234 4112 eiin
2318 4024 2852 4084 bisseßen,
2878 4012 2903 4072 zu
3061 4012 3278 4072 sehn

795 4237 1577 4297 scelefimlich
1740 4195 2015 4255 bin.
2046 4165 2178 4225 Ich
2310 4156 2565 4216 sein
2655 4147 2798 4207 jas
2850 4112 3104 4172 ewah

826 4238 3382 4435 heute nicht, ob er was davon hält, und
823 4514 932 4574 vom
987 4504 1380 4564 komite
1458 4481 1577 4541 Sch
1686 4451 1916 4511 ihun
2070 4418 2222 4478 bis
2300 4383 2584 4443 hete
2715 4347 3010 4407 nichts
3098 4342 3458 4402 schrei¬

831 4635 1231 4695 Seen.
1275 4606 1765 4666 Nenzen
1884 4546 2404 4606 demthe
2507 4504 2759 4564 ichs.
2803 4479 2820 4539 O
3146 4429 3264 4489 Ar

886 4779 1172 4839 nie
1317 4732 1603 4792 meht
1719 4684 2206 4744 Beaen
2294 4642 2524 4702 hit
2753 4588 2983 4648 al
3128 4566 3156 4626 1

854 4886 1120 4946 mehr
1205 4874 1349 4934 das
1411 4845 1749 4905 minst,
1811 4804 2065 4864 ieber
2162 4760 2696 4820 geschweben
2768 4711 3228 4771 haken,

894 4996 1226 5056 dabei
1323 4971 1645 5031 kanen
1743 4942 1850 5002 sah
1987 4918 2201 4978 aber
2299 4892 2581 4952 nicht
2679 4852 3158 4912 begreifen
