4026 4124
569 1303 2724 1386 Lieber Freund, ich höre soeben, dass
516 1494 2760 1580 im letzten Heft der »Zukunft« ein
522 1727 2837 1810 Artikel der Laura Marholm über
572 1948 3613 2122 Ihr »Märchen« steht. Falls Sie’s
510 2139 2118 2210 noch nicht gehört haben, zeige ich’s
531 2312 3494 2416 Ihnen an. Der Aufsatz soll sehr schön
525 2497 3139 2598 u. anerkennend sein, Ich werde
477 2655 3464 2795 mich jedenfalls drum kümmern.
608 2900 1477 2968 Grüssen sie Herrn Doktor Goldmann.
1424 3162 3556 3269 Herzlichst Salten.
