3754 6039
2080 1283 2802 1343 Sanstag,

570 1967 1084 2027 Lieber
1155 1939 1798 1999 Frreund,
1869 1883 2883 1943 achtredanterus
2998 1855 3268 1915 bennnd

521 2147 1009 2207 Mien
1105 2111 1498 2171 Wrener
1572 2087 2094 2147 Tagklatt
2222 2065 2328 2125 ist
2423 2050 2594 2110 eim
2710 2025 2987 2085 Hers

540 2284 1262 2344 Segimmnd
1397 2247 1849 2307 Salln,
1883 2232 2074 2292 von
2165 2212 2368 2272 den
2458 2195 2594 2255 scb
2730 2159 3000 2219 aher

542 2435 1245 2495 genichts
1393 2382 1871 2442 reis.
1914 2389 2322 2449 Berlin
2462 2349 2688 2409 hat
2827 2310 3070 2370 mir

516 2615 800 2675 sile
882 2588 1225 2648 Frede
1320 2546 1994 2606 gemacht,
2078 2518 2289 2578 das
2420 2489 2645 2549 war
2786 2461 3035 2521 sehr

521 2757 1081 2817 Ailsche
1170 2719 1399 2779 mur
1514 2683 1693 2743 hat
1832 2654 2037 2714 hier
2139 2636 2291 2696 gut
2407 2607 2929 2667 genorkt

533 2902 1059 2962 Reraz
1180 2833 1611 2893 ehat
1706 2797 2018 2857 ms
2137 2791 2184 2851 zu
2377 2757 2689 2817 mimee
2808 2706 3143 2766 Aoe

531 3047 895 3107 Anleen
985 3011 1281 3071 Iihn
1417 2946 1894 3006 Getner
2029 2929 2190 2989 u.
2258 2903 2690 2963 Trana

601 3188 1338 3248 leat.
1390 3124 1760 3184 mun
1893 3083 1945 3143 de
2104 3058 2474 3118 llte
2578 3024 2866 3084 wir
2948 2974 3318 3034 wole,

518 3364 956 3424 sichrat
1089 3339 1219 3399 mih
1352 3315 1461 3375 is
1551 3285 1793 3345 ihe
1901 3246 2274 3306 mehs
2385 3207 2605 3267 ud.
2670 3153 3328 3213 Torldne,

522 3517 839 3577 und
987 3485 1185 3545 vor
1265 3461 1504 3521 eiue
1623 3405 2328 3465 Alogna.
2381 3354 2927 3414 Ganeben
3006 3332 3032 3392 Ra

531 3692 577 3752 i
782 3650 1013 3710 tirt
1104 3596 1700 3656 Saer
1839 3536 2389 3596 vertlhchs
2458 3513 2597 3573 en
2734 3483 3330 3543 Cotin,

532 3835 777 3895 In
857 3799 1217 3859 tnnt
1333 3746 1709 3806 haben
1808 3718 1969 3778 Sie
2069 3683 2396 3743 einen
2509 3649 3084 3709 guüfaen,

564 3975 915 4035 Rera
1151 3909 1761 3969 geatt,
1807 3860 2016 3920 un
2228 3803 2510 3863 mir
2699 3787 2745 3847 di
2954 3740 3259 3800 oer

575 4145 661 4205 i
833 4106 1225 4166 tae
1445 4035 1617 4095 ih
2010 3957 2402 4017 iem
2537 3920 2666 3980 Go
2838 3887 3101 3947 e

635 4234 2266 4294 imimmtraghe
2451 4108 2540 4168 Ao

614 4482 1112 4542 Mimmm
1231 4402 1791 4462 alt–
1849 4369 1939 4429 de
2145 4291 2643 4351 Artliß
2819 4251 2848 4311 1

544 4651 1098 4711 Hortlich

875 4803 1195 4863 nanen
1289 4773 1384 4833 di
1483 4711 2538 4771 mimmmmin
2664 4625 3367 4685 Pof,

631 4981 1269 5041 witht,
1313 4946 1497 5006 das
1553 4923 1725 4983 alle
1810 4882 2151 4942 genten
2236 4839 2748 4899 Vrsatze
2833 4815 3118 4875 heoor
