4497 4506
677 1330 4070 1416 Verehrtester! Eben habe ich Ihr »Denk¬
435 1563 3912 1643 steine« gelesen. Ich muss es Ihnen sagen,
426 1739 4103 1855 wie entzückt und begeistert ich davon bin.
513 1957 3885 2103 Viele zwar werden Sie nicht verstehen,
462 2154 4091 2323 und das sind die Männer, welche die
475 2357 4108 2529 Frauen, die wir lieben, zu Fall gebracht
456 2601 3956 2744 und gedankenlos besessen, – und was
441 2816 3852 2983 noch schmerzlicher ist – die Weiber
492 3127 1089 3221 selbst.
1327 3109 4061 3287 Wer doch auch so ruhig »Dirne«
552 3324 4043 3550 sagen könnte, und sich wegwenden.
495 3544 4061 3815 Ich habe bisher gefunden, dass das erste
