3812 6071
2177 1242 2387 1302 I.
2411 1223 2599 1283 Jule

601 2257 967 2317 Lieber
1064 2211 1594 2271 Artenr,
1642 2194 1777 2254 ich
1884 2167 2116 2227 habe
2212 2129 2684 2189 eigentlich
2791 2072 3340 2132 ganichts

599 2441 638 2501 i
830 2381 1278 2441 tten.
1317 2347 1451 2407 Nis
1550 2329 1608 2389 i
1781 2299 1957 2359 ihe
2053 2272 2268 2332 Trge
2345 2250 2501 2310 um
2617 2229 2851 2289 101.
2889 2197 3103 2257 Ur
3142 2166 3376 2226 en,

639 2564 690 2624 i
845 2511 1281 2571 ahn,
1357 2478 1512 2538 ie
1613 2448 1793 2508 mid
1920 2411 2255 2471 mihe
2381 2380 2435 2440 mi
2767 2326 2922 2386 1of
3074 2286 3279 2346 Col

646 2691 714 2751 i
888 2665 1092 2725 ich
1233 2611 1680 2671 walen
1820 2546 2131 2606 mis
2233 2513 2408 2573 er
2476 2481 2752 2541 wie
2923 2447 2995 2507 1o

625 2808 791 2868 in
919 2784 1215 2844 mer
1309 2743 1624 2803 Helin
1716 2693 2030 2753 muste
2104 2661 2251 2721 ich
2363 2620 2714 2680 Heraicf
2806 2563 3306 2623 Gobra,

623 2952 739 3012 ih
913 2903 1187 2963 Hee
1264 2831 2219 2891 meraanttahaften,
2277 2790 2412 2850 in
2470 2749 2840 2809 Ale.
2898 2716 2940 2776 He
3075 2689 3191 2749 Al

655 3079 893 3139 nisi
1028 3016 1454 3076 mamalts
1563 2984 1590 3044 i
1748 2954 1989 3014 mum
2095 2916 2309 2976 en
2445 2875 2765 2935 o1e
2870 2818 3243 2878 1ode

646 3215 811 3275 is
908 3174 1100 3234 wiht
1195 3135 1458 3195 San
1576 3090 1815 3150 mat
1912 3049 2104 3109 eims
2199 3010 2630 3070 kimnen
2724 2974 2771 3034 Do
3034 2940 3084 3000 1o

644 3340 865 3400 Wih
979 3295 1173 3355 waht
1256 3269 1425 3329 sich
1536 3238 1591 3298 zi
1816 3190 2096 3250 mme
2206 3154 2262 3214 mi
2542 3108 2597 3168 1o
2822 3070 2877 3130 o

679 3470 784 3530 i
1067 3396 1460 3456 mihe
1634 3320 2206 3380 mirm
2454 3212 2951 3272 Gde
3126 3161 3409 3221 1ir

661 3604 712 3664 i
920 3565 1180 3625 weht
1414 3519 1491 3579 Bea
1780 3464 2116 3524 iten
2219 3413 2482 3473 wie
2661 3366 2895 3426 Iie
3026 3331 3286 3391 bole

663 3714 1095 3774 memadi
1281 3648 1822 3708 mamen
1955 3588 2145 3648 mis
2228 3550 2414 3610 ie
2524 3527 2577 3587 1e
2766 3468 3335 3528 Hole,

669 3838 1263 3898 Uimmdte.
1329 3775 1668 3835 eichs
1773 3739 1881 3799 Sis
1986 3711 2220 3771 mir
2349 3663 2625 3723 meclh
2796 3606 2988 3666 Got
3115 3587 3436 3647 Goen,

691 3968 1260 4028 Sehnalht
1346 3905 1762 3965 Sahtn
1851 3860 2113 3920 bi.
2156 3832 2288 3892 1is
2374 3809 2417 3869 hi
2614 3769 2900 3829 mol
3008 3736 3054 3796 1o

709 4123 917 4183 nii
1097 4063 1488 4123 mimast
1619 4031 1671 4091 i
1828 3989 2139 4049 mime
2296 3942 2347 4002 mi
2658 3898 2712 3958 1e
2866 3876 2921 3936 1o
3100 3853 3180 3913 15

762 4244 1179 4304 imant
1307 4182 1544 4242 nihs
1647 4128 1880 4188 ihl.
1932 4115 1986 4175 i
2220 4054 2688 4114 mimee
2790 4003 3024 4063 bott

755 4415 850 4475 in
944 4369 1294 4429 sihn
1361 4307 1679 4367 hate
1837 4256 2029 4316 is
2124 4208 2379 4268 ie
2537 4158 2855 4218 Gon
2985 4133 3016 4193 1

747 4534 1214 4594 Wedalte
1353 4473 1573 4533 mih
1739 4417 2152 4477 Boten
2264 4367 2430 4427 bie
2565 4326 2758 4386 1ir
2897 4281 3090 4341 1ol

729 4628 1997 4688 Reardaann.
2086 4553 2144 4613 i
2404 4494 2808 4554 mole
2951 4436 3212 4496 1oe

794 4825 1259 4885 inan,
1335 4769 1673 4829 iis
1724 4726 1981 4786 tihn
2109 4669 2523 4729 Gohd.
2602 4620 3194 4680 Minr
