3876 6024
620 1600 996 1660 Sahe
1096 1604 1372 1664 hiler
1434 1632 1984 1692 wergaingen
2097 1631 2173 1691 ch
2260 1628 2373 1688 bii
2447 1623 2599 1683 albe
2698 1621 3049 1681 dahr,
3086 1622 3249 1682 wer

586 1727 945 1787 ach.
975 1724 994 1784 Ni
1140 1728 1510 1788 Andleren
1616 1747 1734 1807 im
1879 1738 2239 1798 Shig.,
2278 1728 2930 1788 eintoeffen,
2969 1738 3173 1798 don

598 1848 745 1908 ich
851 1852 1041 1912 auch
1163 1845 1418 1905 kereit
1550 1857 1681 1917 auf
1796 1868 1903 1928 die
1993 1864 2215 1924 keise
2288 1859 2305 1919 zu
2445 1852 3019 1912 verzichten.
3052 1864 3208 1924 Tür

641 1976 935 2036 wesen
1016 1978 1203 2038 Fale
1338 1975 1622 2035 keucbe
1721 1986 1819 2046 ich
1971 1992 2345 2052 dann,
2382 2000 2542 2060 an
2613 1992 2766 2052 12,
2793 1988 2926 2048 ot.
2953 1980 2971 2040 14
3096 1978 3425 2038 lug¬

626 2107 1113 2167 vonfach
1245 2107 1489 2167 nach
1581 2124 1978 2184 sells
2048 2120 2323 2180 singe
2394 2120 2607 2180 num
2730 2121 3156 2181 leozoill

626 2257 1098 2317 mehmne
1205 2252 1489 2312 mein
1579 2258 1946 2318 Bicgyale
2060 2249 2419 2309 mih.
2460 2249 2663 2309 mir
2769 2245 3079 2305 keiebe

684 2380 1091 2440 nithiie
1204 2380 1517 2440 bini.
1546 2380 2039 2440 Serstenbar
2114 2379 2455 2439 wost.
2493 2380 2635 2440 Wie
2730 2380 2806 2440 es
2919 2368 3260 2428 Ihinen

620 2518 1387 2578 angenecher
1500 2507 1744 2567 ist,
1788 2508 2198 2568 mögen
2302 2511 2416 2571 Sie
2537 2504 2808 2564 müs
2904 2496 3287 2556 entseher

646 2653 973 2713 len.
1012 2640 1171 2700 Ich
1338 2637 1728 2697 msßs
1848 2637 2484 2697 geslehen,
2508 2628 2739 2688 dass
2842 2620 2858 2680 eo
3034 2618 3248 2678 mar

663 2784 899 2844 uinz
1018 2776 1364 2836 Gnde
1510 2763 1802 2823 gllich
1957 2760 2185 2820 ist,
2222 2760 2404 2820 noe
2504 2752 2705 2812 u.
2732 2752 2750 2812 so
2960 2748 3097 2808 ich

644 2930 863 2990 doe
952 2920 961 2980 M
1075 2908 1313 2968 Tage
1427 2893 2044 2953 verbinge,
2079 2884 2184 2944 ich
2307 2883 2722 2943 minchte
2836 2880 2862 2940 mi

667 3070 981 3130 gane
1070 3043 1609 3103 nachtgails
1788 3028 2147 3088 misen
2282 3018 2619 3078 Salen.
2663 3015 2788 3075 Ue
2855 3011 2877 3071 1
2977 3012 3202 3072 Ahug

688 3220 990 3280 has
1083 3204 1725 3264 geichieht.
1753 3189 1998 3249 Mr
2121 3180 2676 3240 Momit.
2725 3179 2856 3239 is
2941 3179 2970 3239 i

654 3366 1130 3426 meiner
1236 3349 1647 3409 monen
1689 3332 2066 3392 kanen.
2107 3312 2682 3372 Verkamung
2830 3300 3248 3360 Reuighich

623 3500 1061 3560 vonef
1163 3488 1274 3548 en
1448 3469 2039 3529 ülechmmist,
2090 3460 2315 3520 mir
2457 3464 2630 3524 Hist
2743 3468 2926 3528 zus
3007 3467 3394 3527 faahren

637 3646 901 3706 und
1024 3648 1166 3708 ein
1227 3648 1597 3708 Wischen
1693 3627 1958 3687 Ache
2054 3614 2082 3674 zu
2204 3608 2513 3668 haben

1027 3814 1509 3874 schreiken
1579 3800 1779 3860 Lieh
1862 3792 2109 3852 Gaht
2238 3788 2438 3848 wir
2556 3772 2768 3832 lben
2838 3764 2945 3824 ie
3003 3760 3239 3820 sechl

667 3957 1028 4017 nol.
1068 3940 1199 4000 Ich
1289 3944 1561 4004 geüßse
1651 3924 2373 3984 Beskrgnen,
2405 3915 2544 3975 und
2636 3900 2755 3960 tie

2360 4052 2836 4112 Herzlichst
2881 4080 3070 4140 hr

2621 4288 3262 4348 Salten
