6158 7822
2435 1102 3847 1204 Miskolcz, 12.IX.91.
1051 2042 5698 2136 Lieber Freund! Herzlichen Dank für Ihre beiden Briefe
707 2234 5606 2336 und verzeihen Sie, dass ich heftig wurde. Aber wenn man bei¬
727 2426 5734 2528 nahe 100 Meilen weit von Wien ist fühlt man sich so ohnmächtig.
987 2626 5522 2716 – Ihr Brief, der erste nämlich ist verloren gegangen. Ich bin sehr
727 2802 5574 2900 froh, dass es ihnen leidlich geht. Wann muss man zum Engage¬
755 3002 5638 3088 ment in Tr. eintreffen? Was das Arbeiten anlangt, geht es mir
751 3186 5538 3276 wie Ihnen. Ich habe keine Zeile geschrieben. Es war auch
747 3362 5610 3468 physisch unmöglich. Mein Rückfall ist ziemlich unerklärlich, aber
760 3584 5493 3656 darum nicht weniger heftig. Was ich hier leide, ist entsetzlich.
727 3746 5422 3848 Mein einziges Hülfsmittel ist das Kutschieren. Ich bin auch
747 3925 5654 4023 hier schon als rasender Fahrer bekannt, und mein Papa
739 4089 5726 4199 fürchtet sich zu fahren, wenn ich kutschiere. Es ist eine Wol¬
763 4269 5746 4387 that, sage ich Ihnen, wenn man so gequält ist, dass man laut
767 4453 5806 4571 aufschreien möchte und man hat zwei Pferde und eine Peitsche
803 4649 5814 4763 in der Hand, die glatte Landstraße vor sich, und kann so sausen
795 4837 5654 4947 wie der Wind. Ich habe mich in meiner Verzweiflung erbötig
831 5029 5702 5155 gemacht, unseren neuen Bergdirektor sowie einen Ingenieur
783 5209 5786 5347 zu den Gruben nach Upony zu fahren. Der erstere musste den
807 5401 5670 5523 Punkt suchen, wo der Einstich beginnen sollte, der zweite die
815 5597 5710 5719 Trace der Eisenbahn, welche gebaut werden soll, bestimmen.
823 5777 5662 5907 Wir fuhren um 4 Uhr morgens aus – haben Sie gerne, was?,
1117 5998 6012 6200 – und ich legte unter einem fürchterlichen Anfall von image
823 6153 5758 6295 physice den Weg der sonst 8 Stunden dauert in 5½ zurück.
779 6357 5638 6483 Dazu kam, dass der junge Ingenieur (typisch ungarischer
803 6545 5582 6667 Jude) sich bei mir angenehm machen wollte. Als wir
815 6729 5654 6847 durch den Uponyer Engpass fuhren, umringt von hohen
819 6913 5810 7043 Bergen, in denen mächtige Kohlenlager enthalten sind; be¬
