3487 5842
1668 855 3153 921 Unterach, 23. August 1892
628 1627 2868 1753 Verehrter Freund! Dass die
540 1839 3093 1993 Lösung nicht von mir aus¬
540 2047 3109 2189 ging liegt nur daran, dass
512 2247 3137 2381 Sie mir zuvorgekommen sind.
508 2451 2965 2573 Seien Sie überzeugt, dass ich
508 2655 3129 2761 entsetzlich unter diesen Erbärm¬
496 2847 3061 2946 lichkeiten gelitten habe u.
480 3052 3153 3146 noch unsagbar leide, u. dass
504 3252 3113 3330 ich sofort mit der Wahrheit
492 3420 2981 3510 vor Sie hin getreten wäre,
496 3608 3105 3706 im Augenblicke in dem ich
476 3848 3153 3934 alles wieder hätte gut gemacht.
540 4104 3173 4186 Dass es überhaupt möglich war,
496 4288 2977 4378 läßt sich allerdings nicht
512 4460 2961 4546 aus der Welt schaffen, u.
528 4656 3089 4742 wenn auch Sie möglicher¬
