3808 6084
2396 943 3304 1041 Wien, 6. Juli 93.
652 1599 3376 1665 Lieber Arthur! Ebenso leer, ebenso
576 1819 3376 1909 verstimmt und verärgert wie Sie,
560 2019 3468 2117 bin auch ich die ganze Zeit über,
568 2243 3248 2321 und es ist nur der Unterschied,
568 2459 3220 2549 dass Sie in Ischl sind und
564 2647 3488 2749 Bicycle fahren können, während
544 2875 3488 2949 ich in Wien braten muss und
552 3043 3500 3197 im eckelhaften Bureau arbeiten,
572 3251 3504 3421 das ich gerne bald ganz verlaßen
580 3451 3496 3605 möchte. Es war auch eine ver¬
572 3663 3352 3769 fehlte Sache, dass ich mich hier
588 3855 3432 3957 einsperren und mir einreden ließ,
560 4059 3488 4161 ich hätte Beruf zum Beamten einer
632 4243 3328 4357 Assekuranz, so plötzlich. Und ich
588 4439 3472 4577 glaube noch immer, dass es gehen
596 4655 3428 4817 musste, sich mit schriftstellerischer
