3458 6147
499 1974 893 2034 Se
1006 1946 1231 2006 ven
1286 1933 1569 1993 Frle
1662 1923 1887 1983 nich
1963 1915 2320 1975 lange
2413 1911 2640 1971 anf

544 2187 1157 2247 gehalten
1311 2165 1566 2225 kan
1731 2143 1864 2203 ich
2017 2131 2335 2191 leider
2467 2120 2489 2180 zu

544 2373 961 2433 spcat,
1002 2371 1154 2431 im
1277 2349 1919 2409 Cafehans,
1969 2339 2111 2399 Ich
2245 2314 2682 2374 bedanurg

532 2583 766 2643 das
853 2581 1023 2641 aun
1141 2559 1654 2619 meten,
1686 2551 1900 2611 weil
2019 2532 2125 2592 ich
2232 2506 2820 2566 gendernnschn

568 2799 918 2859 hatte
1043 2770 1304 2830 mich
1417 2751 1734 2811 gleich
1915 2730 2119 2790 mit
2233 2694 2630 2754 Ihnen

513 2952 2034 3012 amesfanderzusttzen.
2079 2899 2238 2959 ds
2352 2880 2648 2940 wäre

571 3159 616 3219 mi
975 3141 1222 3201 dels
1334 3105 2052 3165 vettnskle,
2096 3087 2478 3147 wann

519 3363 757 3423 Sie
857 3358 1054 3418 jett
1182 3332 1534 3392 gleich
1703 3295 2225 3355 hrachen
2324 3255 2789 3315 Mönite

536 3559 847 3619 das
989 3529 1029 3589 zu
1223 3519 1767 3579 Mttang
1911 3459 2378 3519 wollen
2507 3440 2533 3500 Se

934 3638 1089 3698 deez

503 3787 909 3847 nicht
1023 3752 1240 3812 auf
1392 3727 1761 3787 einem
1914 3690 2448 3750 Iprüng
2588 3647 2778 3707 ins

439 3983 1568 4043 archdencafe
1772 3933 2810 3993 könmen.

510 4228 777 4288 Ich
904 4199 1260 4259 wirde
1362 4172 1490 4232 in
1541 4147 1923 4207 lache
2036 4127 2265 4187 ur
2330 4104 2750 4164 heehit

421 4415 1017 4475 Mmngen
1088 4381 1297 4441 auf
1407 4339 2214 4399 lachiktn
2338 4293 2922 4353 verschlten

519 4591 983 4651 Oln,
1026 4560 1230 4620 wn
1360 4534 1578 4594 aum
1694 4510 1854 4570 fir
1955 4511 2217 4571 coh
2361 4486 2637 4546 moch

470 4805 846 4865 Wealen
924 4723 1363 4783 Nothun
1456 4702 1897 4762 kliten
2037 4703 2837 4763 Ichiichttg

2472 4918 2865 4978 Salen
