3365 5115
129 1447 423 1507 und
521 1423 954 1483 konnle
1052 1423 1081 1483 so
1218 1411 1474 1471 auch
1640 1386 1926 1446 micht
2082 1350 2544 1410 Setmit
2682 1329 2917 1389 denke

130 1567 297 1627 ich
380 1546 540 1606 as
598 1537 1243 1597 Poitreinen,
1268 1520 1285 1580 vo
1436 1515 1536 1575 ich
1644 1506 1821 1566 dene
1962 1490 2205 1550 Wuch
2314 1474 2590 1534 Rüke
2716 1458 2900 1518 sind

141 1669 619 1729 Leeberen
702 1650 1222 1710 Mumgang
1336 1635 1575 1695 mich
1710 1627 1752 1687 zu
1887 1619 2396 1679 erholen,
2427 1602 2625 1662 und
2730 1575 2874 1635 ihr

199 1812 509 1872 Wisch
640 1795 926 1855 Boiefe
1073 1761 1399 1821 usere
1498 1740 1743 1800 Ncht
1824 1723 2764 1783 zusamenengehorig
2821 1691 2977 1751 leit

190 1933 877 1993 andunmgllich
1022 1886 1591 1946 vorzustellen
1701 1851 2460 1911 Reabichtige,
2488 1823 2795 1883 dass.
2822 1815 3003 1875 13.1

180 2075 443 2135 eirst
516 2044 995 2104 Anfangs
1098 2000 1658 2060 Septeneher.
1698 1979 2082 2039 Nahren
2185 1969 2345 2029 mill
2473 1956 2561 2016 it
2632 1936 2904 1996 fatal

189 2196 467 2256 aber
528 2182 538 2242 d
714 2167 806 2227 er
918 2138 1228 2198 den.
1249 2102 1959 2162 Gekerliebling
2092 2087 2339 2147 bertig
2443 2070 2833 2130 macht

178 2311 473 2371 Läßt
568 2304 725 2364 sich
829 2279 1098 2339 niichts
1160 2259 1567 2319 thun,
1594 2247 1767 2307 das
1872 2244 1950 2304 it
2063 2219 2567 2279 gedengalls
2680 2186 3001 2246 wah¬

157 2447 515 2507 töseoh
610 2421 902 2481 urt,
938 2407 1202 2467 wenn
1282 2393 1428 2453 es,
1450 2379 1574 2439 im
1640 2359 1932 2419 Herbste
2027 2326 2568 2386 erscheinen,
2605 2306 2750 2366 mill

202 2581 466 2641 Wel
553 2554 632 2614 er
696 2529 856 2589 doch
975 2515 1558 2575 Naunschauln
1662 2478 1861 2538 noch
1980 2460 2212 2520 seenen
2307 2417 3049 2477 Mönatskuigngf

234 2695 544 2755 Hehs
601 2672 625 2732 zu
774 2652 1039 2712 menen
1211 2655 1476 2715 sckeit
1625 2635 1820 2695 mir
1890 2633 2051 2693 sht
2165 2621 2268 2681 die
2315 2603 2545 2663 Sache
2648 2591 2810 2651 so.
2844 2591 2959 2651 Ich

183 2844 570 2904 kann
661 2819 791 2879 den
864 2807 1068 2867 Paud
1150 2792 1289 2852 ih.
1317 2783 1630 2843 Augins
1778 2769 1796 2829 fu
2026 2755 2293 2815 msn
2386 2729 2580 2789 aber
2653 2718 3068 2778 jederkachs

208 2969 436 3029 dan
507 2954 1035 3014 Wlestenber
1096 2935 1369 2995 zurüich
1493 2912 1809 2972 sein,
1853 2886 2100 2946 Wenn
2214 2871 2346 2931 mir
2451 2833 2971 2893 zutanseen

226 3087 747 3147 seishn,
777 3054 1030 3114 dann
1164 3031 1506 3091 müssten
1595 3009 1684 3069 Sie
1781 2996 1908 3056 sich
2034 2971 2562 3031 langelens,
2577 2950 2718 3010 bn
2785 2916 3060 2976 2u,

263 3207 958 3267 anlichlospsen
1033 3147 1467 3207 haben,
1504 3122 1781 3182 damit
1885 3103 1982 3163 seh
2147 3088 2409 3148 mich
2521 3056 2887 3116 danach

265 3329 826 3389 Ansichten
916 3275 1379 3335 kanen.
1411 3257 1600 3317 Tar
1684 3235 1939 3295 siesen
2030 3212 2236 3272 Fall
2368 3181 2689 3241 käne
2773 3169 2888 3229 ich

257 3451 562 3511 nicht
711 3429 936 3489 nach
1070 3395 1289 3455 Sichl
1469 3371 1820 3431 sindern
1930 3355 2086 3415 mir
2173 3339 2470 3399 Aaafen
2555 3320 2759 3380 wuns

270 3582 806 3642 Entwreder
909 3552 1013 3612 in
1065 3531 1429 3591 bien,
1463 3517 1654 3577 wder
1809 3499 1991 3559 anen
2042 3472 2198 3532 12.
2224 3452 2518 3512 Aug,
2552 3440 2657 3500 in
2709 3416 2968 3476 stellen

273 3703 290 3763 Wo
577 3698 672 3758 ich
768 3679 942 3739 auf
1064 3655 1308 3715 Ntag
1429 3640 1681 3700 nach
1812 3628 1925 3688 der
2011 3603 2229 3663 Inel
2343 3565 2655 3625 Rugen
2725 3539 2960 3599 mss

276 3827 565 3887 Nons
624 3822 795 3882 aber
845 3803 1321 3863 Dolgentes.
1347 3779 1619 3839 Mnig
1695 3743 2341 3803 konthal,
2375 3713 2529 3773 den
2631 3694 2749 3754 ich

277 3947 606 4007 heute
736 3943 1179 4003 srach,
1222 3922 1465 3982 agte
1578 3900 1855 3960 mir.
1891 3883 1977 3943 er
2038 3871 2368 3931 köna
2516 3836 2776 3896 nicht

264 4090 1316 4150 Wiglaelas
1420 4059 1555 4119 im
1623 4022 1912 4082 Rraen
1963 3997 2320 4057 hgen
2405 3970 2947 4030 Moien,

291 4227 466 4287 Es
537 4242 633 4302 ses
731 4239 950 4299 neder
1038 4226 1320 4286 schön
1416 4200 1627 4260 noch
1742 4169 1892 4229 sit
2033 4140 2190 4200 dort
2367 4115 2719 4175 berner

298 4375 841 4435 seuer.
882 4367 1305 4427 Schlechte
1405 4335 1687 4395 Beder
1779 4307 1959 4367 in.
1990 4284 2111 4344 Er
2241 4270 2373 4330 sat
2585 4227 2977 4287 Rugenn

322 4514 723 4574 an,
760 4504 956 4564 oder
1058 4493 1347 4553 leglt,
1385 4470 1944 4530 genhssicht
2038 4402 2858 4462 Rssenhagen.

342 4635 612 4695 geht
694 4635 757 4695 es
846 4635 1252 4695 noch,
1288 4622 1477 4682 das
1585 4598 1900 4658 Ohan
1981 4557 2386 4617 gettelt
2567 4525 2747 4585 mird

391 4790 991 4850 Wennes.
1029 4779 1311 4839 Wenn
1405 4768 1508 4828 Sie
1621 4745 1874 4805 nicht
1986 4722 2193 4782 sehr
2297 4707 2550 4767 gerl
2691 4695 2860 4755 von
