3373 4332
155 1609 865 1669 steht.
911 1602 1086 1662 Ich
1297 1579 2031 1639 möchte,
2078 1554 2299 1614 das
2450 1541 3044 1601 garar

190 1822 550 1882 saht
731 1788 1022 1848 want
1192 1786 1703 1846 genaut
1934 1757 2585 1817 wossan,
2624 1739 3035 1799 wahr

166 2012 422 2072 ich
641 1985 1295 2045 Mimah,
1343 1969 2007 2029 dasnaahs
2169 1959 2415 2019 aus
2530 1939 3051 1999 wahten

173 2199 841 2259 miss.
893 2185 1594 2245 Viekleicht
1828 2148 2698 2208 können,
2751 2142 2952 2202 Sae

96 2411 551 2471 mir
703 2381 973 2441 Betst
1179 2341 1721 2401 sahong
1883 2324 2522 2384 Astwag.
2567 2318 3086 2378 Dauter

105 2586 1390 2646 mitttheilen.
1460 2536 1928 2596 Pahert
2137 2501 2160 2561 Bi
2429 2512 2687 2572 H.
2733 2504 3025 2564 Won

43 2815 474 2875 dann
606 2790 784 2850 sch
1048 2778 1061 2838 s
1259 2758 1602 2818 schts
1835 2730 2388 2790 hore,
2432 2701 2798 2761 kaich

131 3034 442 3094 Sacß
675 2999 1043 3059 halse
1210 2954 1745 3014 snn,
1778 2948 2134 3008 Sn
2234 2916 2456 2976 Ha
2635 2889 2813 2949 dae

167 3228 577 3288 Er.
618 3214 960 3274 mimr
1096 3196 1343 3256 ans
1411 3147 2192 3207 geesichtat,
2233 3132 2616 3192 dasnn

117 3422 1545 3482 Morstalpraiter
1714 3321 2861 3381 geschscht,

117 3644 592 3704 aber
734 3629 902 3689 ich
1140 3570 1568 3630 wess
1782 3523 2222 3583 sehcht
2460 3500 2649 3560 ole
2793 3488 2923 3548 es
