4110 7284
2471 2373 2774 2433 o.
2807 2343 3099 2403 II.
3111 2327 3132 2387 9

563 2881 1108 2941 Lieber
1214 2852 1762 2912 Freund,
1832 2835 1990 2895 Ich
2095 2803 2413 2863 habe
2518 2749 3329 2809 biiminer

561 3060 1141 3120 Ankunst
1305 3031 1546 3091 mir
1732 3012 1863 3072 ie
2050 2974 2400 3034 Halfte
2553 2946 2706 3006 des
2804 2927 2826 2987 Bo
3035 2896 3658 2956 bestime

540 3223 1232 3283 ersasteten
1418 3189 1976 3249 Betages
2121 3140 2637 3200 erhallten
2793 3097 3031 3157 und
3196 3069 3578 3129 auf,

507 3396 976 3456 meine
1112 3346 1983 3406 delegrafsche
2149 3283 2618 3343 Urgenz
2775 3253 2912 3313 ist
3098 3228 3244 3288 bes
3382 3205 3606 3265 jeht

536 3556 840 3616 noch
1025 3506 1534 3566 nichti.
1575 3454 2615 3514 eingelangt,
2646 3409 2676 3469 so
2910 3365 3226 3425 dass
3328 3352 3501 3412 ich

572 3692 1039 3752 wegen
1165 3657 1351 3717 der
1497 3615 2162 3675 Tnckreise
2319 3558 2682 3618 selbst
2870 3528 3036 3588 in
3161 3501 3545 3561 arger

537 3857 1107 3917 Verlegan
1170 3801 1537 3861 hait,
1589 3764 1830 3824 bind
1981 3736 2311 3796 jien
2426 3705 2577 3765 Sie
2692 3680 2908 3740 mir
3046 3648 3490 3708 Nahakt

528 4024 887 4084 nit
1058 3963 1475 4023 bise,
1534 3896 2337 3956 wennim.
2380 3848 2639 3908 De.
2682 3812 3069 3872 Sachs
3198 3788 3457 3848 eine

545 4153 1512 4213 Roedgntrrge
1661 4059 1892 4119 ven
2017 4014 2503 4074 elizen
2587 3954 3029 4014 Pgean
3175 3920 3366 3980 Gel

579 4356 1049 4416 lien,
1104 4301 1286 4361 ich
1419 4228 2073 4288 meekate
2229 4165 2466 4225 dan
2599 4111 3124 4171 erzlelbee
3279 4057 3701 4117 Do,

587 4525 855 4585 Wie
948 4481 1219 4541 tan
1487 4405 1759 4465 hit
1941 4349 2272 4409 Liie
2391 4279 3112 4339 Nenbt,
3202 4223 3503 4283 Wor

594 4689 897 4749 siich
1047 4629 1425 4689 mes
1550 4574 1729 4634 zue
1829 4522 2257 4582 Begfbe
2310 4475 2585 4535 lter
2664 4442 2864 4502 ab
3042 4384 3620 4444 oen,

595 4830 1106 4890 Rienaen
1259 4726 1952 4786 eelmmet
2101 4653 2496 4713 meet
2615 4597 3007 4657 wale
3126 4559 3189 4619 vo

578 4992 828 5052 sie
931 4961 1284 5021 hellte
1409 4900 1637 4960 wie
1762 4832 2419 4892 Morgen
2572 4767 2825 4827 wale
3050 4719 3125 4779 Wo

632 5169 1186 5229 Reafte
1320 5044 2060 5104 belamen
2220 4968 2618 5028 dis
2752 4901 3150 4961 Calide
3254 4862 3440 4922 ol

561 5354 588 5414 A
779 5338 1213 5398 thne
1323 5225 1894 5285 Belnd.
1975 5186 2028 5246 i
2247 5130 2683 5190 mecht
2928 5042 3499 5102 Gaainn

627 5520 1481 5580 niihtahal
1620 5373 2334 5433 biekleber
2418 5304 2788 5364 nach
2960 5243 3498 5303 Ron,

586 5729 840 5789 nei
926 5700 953 5760 z
1235 5633 1602 5693 Ben
1688 5562 2223 5622 hal,

566 5959 893 6019 Si.
939 5895 1358 5955 wkann
1500 5834 1781 5894 hesr
1919 5791 2131 5851 aun
2293 5749 2550 5809 wolr
2645 5696 3415 5756 Alitening

573 6140 921 6200 and
1050 6095 1205 6155 ich
1372 6039 1579 6099 lebe
1746 5996 2249 6056 schwere
2365 5938 2958 5998 Page.
3024 5896 3513 5956 Tigend
