3365 3015
767 925 2973 1010 Lieber Frd, ich habe jetzt Rendezvous
597 1038 2919 1133 und kann deshalb nicht kom̄en.
638 1166 2626 1243 Es ist möglich, dass wir, dh. ich u.
776 1304 2298 1387 »sie« mit der Reisner zusammen
689 1447 1095 1506 soupiren, für diesen Fall tele¬
584 1520 2875 1649 fahonire ich Sie an, oder bitte
597 1674 1761 1763 laßen Sie mir sagen, wo ich Sie
555 1778 2913 1917 zwischen ½8 u. ½9 treffen kann.
1835 1946 2274 2014 Ohne dass Sie sich binden, natürlich.
1728 2144 2942 2290 Herzlichst Salten
