3808 6084
476 1723 3320 1841 Arbeit 50fl per Monat zu verdienen.
480 1891 3464 1993 Dass ich es bisher nicht gethan, be¬
472 2079 3456 2169 weist wenig genug, denn ich war
472 2263 3436 2349 faul und habe Nichts gearbeitet.
540 2455 3208 2533 Von morgen ab, bin ich ganz
464 2631 3468 2729 allein, und sind Sie mir bisher
484 2803 3428 2901 schon sehr abgegangen, so wer¬
492 2979 3036 3061 den Sie es dann noch mehr.
632 3171 3432 3245 Es wäre jedenfalls nicht schlecht und
484 3335 3340 3409 würde mich freuen, wenn diese Auf¬
468 3499 3256 3565 führung zu stande käme; was
484 3667 3160 3737 Wild für Gründe hat, ist ja
488 3843 3208 3917 ziemlich egal, für Sie wäre es
456 4019 3508 4117 von Nutzen. Verständigen Sie dann
448 4207 3476 4293 auch Paul Horn. Er ist in Aussee
440 4387 3272 4457 und Specht von Samstag an
448 4559 1116 4637 bei ihm.
632 4687 3232 4757 Das Buch vom kleinen Rosner ist
452 4859 3336 4937 erschienen, und heisst »Decadence«. Es
484 5039 3244 5117 ist ganz so, wie die Novelle, die
