2877 4709
775 850 2082 915 »Gruss aus Heiligenblut« (Kärnten).
1017 2312 2282 2374 Robert Bernard's Gasthof. 17. VIII. 93
543 2404 2452 2532 Lieber Freund! Von Cortina zurück,
495 2533 2393 2651 befinde ich mich auf einer 2 tägigen
516 2649 2533 2780 Tour auf den Glockner. Hier mit meinem
483 2769 2467 2890 Bruder. Ich danke herzlich für Ihren
495 2888 2452 3007 Brief, den ich nach Rückkehr aus¬
501 3013 2476 3132 führlich beantworte. Für heute nur
489 3130 2506 3263 die unangenehme Mittheilung, dass
453 3249 2303 3392 mein Rad zwischen Mittewald &amp;
468 3377 2169 3523 Lienz gebrochen ist u. sich in
459 3506 2408 3639 Lienz zur Reparatur befindet, Da
435 3631 2491 3759 das Vorderrad verletzt ist, dürfte die
441 3750 2447 3872 Sache länger dauern, ich schreibe
429 3864 2399 3973 oder telegrafire noch am Samstag.
1193 3947 2160 4027 Herzl. Ihr Salten
