6483 6240
3256 979 5884 1065 langen, allein ich erſehne den Tag,
3268 1247 5876 1341 an dem Sie mich wieder genug ſchätzen,
3236 1499 5984 1617 um meine Freundſchaft zu erproben.
3492 1763 6000 1873 Verzeihen Sie, dſs dieſer Brief auf
3300 2019 5956 2145 ſich warten lieſs. Solange ich ganz
3284 2283 6024 2437 verzweifelt war, konnte ich Ihnen
3268 2555 5948 2693 nicht ſchreiben, – ich hatte auch andres
3284 2819 6084 2973 im Sinne, nun bin ich wieder etwas
3296 3087 5896 3177 gefaſſter, u es bleibt mir nur
3324 3343 6052 3453 die eine Bitte, daſs das Geſchehene
3312 3627 5756 3721 zwiſchen uns an keinen Dritten
3332 3931 5896 4037 verlaute. Ich habe zwar kein Recht
3316 4239 5904 4341 darauf, allein ich kan̄ mirs noch
3360 4523 5940 4609 erwerben. Ich bitte Sie um nichts
3844 4807 5876 4889 als mir zu ſchreiben, ob das
3368 5111 5844 5205 ſo ſein ſoll, oder ob ein
