3382 6071
532 1774 1128 1834 Lieber
1224 1759 1772 1819 Freund!
1838 1771 1870 1831 Si
2079 1767 2304 1827 ind
2418 1749 2691 1809 nicht

547 2003 935 2063 bie,
972 1975 1171 2035 dass
1285 1982 1409 2042 ich
1559 1998 2247 2058 nochmals
2373 1979 2410 2039 zu
2559 1957 2959 2017 Ihnen

556 2187 1244 2247 koinnne,
1286 2207 1472 2267 ahe
1578 2195 1681 2255 ich
1816 2178 2202 2238 Ihnen
2286 2143 2452 2203 das
2546 2143 2827 2203 Cste

528 2411 1548 2471 virsckelsebend
1659 2387 1913 2447 Aber
2035 2391 2180 2451 ich
2324 2367 2645 2427 miod

538 2658 762 2718 lie
873 2652 1116 2712 jeze
1285 2623 1789 2683 Diten,
1866 2591 2183 2651 mir
2294 2575 2613 2635 soch

494 2854 1180 2914 linnmal
1321 2838 1585 2898 mit
1773 2835 2068 2895 Nofl
2271 2851 2302 2911 zu
2520 2831 2987 2891 hellen,

457 3104 700 3164 Di
879 3051 1624 3111 Krstfran,
1662 3051 1842 3111 des
1996 3036 2496 3096 Rndes
2610 3020 2751 3080 ist

519 3285 783 3345 Won
893 3281 1255 3341 Land
1409 3227 2964 3287 herengskomln.

458 3945 777 4005 und
951 3939 1166 3999 Bür
1272 3943 1832 4003 lnes.
1900 3955 2086 4015 Ich
2287 3951 2794 4011 kachn

452 3729 664 3789 lae
794 3707 1383 3767 haanchen
1482 3700 1710 3760 was
1826 3691 2119 3751 Gelt
2315 3688 2544 3748 für
2659 3656 2888 3716 das

480 3511 793 3571 das
845 3506 1133 3566 1.
1185 3496 1343 3556 es
1434 3461 2023 3521 Rrenk
2259 3446 2547 3506 ur

504 4590 884 4650 mir
1044 4563 1393 4623 noch
1583 4595 2269 4655 Cemal.
2312 4582 2648 4642 10,
2706 4591 2722 4651 e

483 4412 512 4472 Gi
1148 4375 1754 4435 Bitte,
1798 4399 2345 4459 sonden
2493 4395 2671 4455 Sie

481 4202 694 4262 ich
861 4169 1165 4229 nicht
1380 4147 2309 4207 fütschicken
2507 4159 2795 4219 dhne
