3851 5989
611 1744 1868 1804 Nerandnungan
1973 1643 2981 1703 voizüeresten,
3020 1616 3298 1676 nach

592 1938 1179 1998 webahnn
1294 1904 1378 1964 es
1472 1865 2111 1925 Pargenahs
2258 1817 2667 1877 wird,
2709 1803 2730 1863 o
2940 1784 3107 1844 sah

537 2124 1038 2184 meone
1180 2062 1730 2122 Stellung
1872 1998 2563 2058 behalte.
2611 1960 2924 2020 Noch

559 2289 1047 2349 Toren
1209 2214 2121 2274 müohiehe.
2170 2163 2659 2223 Haken
2772 2125 2967 2185 dal

552 2471 1019 2531 heubte
1141 2440 1488 2500 Aans
1608 2392 2121 2452 Nonant
2243 2356 2273 2416 i
2363 2319 2545 2379 der
2665 2280 3059 2340 wah,

633 2659 928 2719 Rien
1015 2616 1482 2676 hendbs
1607 2545 2328 2605 gelennn.
2373 2490 2519 2550 Es
2626 2456 2647 2516 A

680 2845 761 2905 i
1009 2812 1135 2872 a
1591 2682 2584 2742 mimman
2710 2600 2837 2660 1e

765 3035 1302 3095 neich
1526 2919 2112 2979 maae
2512 2796 2605 2856 1o

717 3229 1169 3289 niich
1356 3135 1772 3195 mit
1923 3037 2334 3097 woen
2448 2977 2526 3037 o

723 3363 1768 3423 mimha
2156 3173 2210 3233 i
2759 3095 2819 3155 1

746 3595 1358 3655 nesich
1558 3491 1863 3551 is
2019 3364 2831 3424 molo

805 3748 1371 3808 ili
1657 3608 2290 3668 mim

514 4339 732 4556 Geheim
734 3808 2526 3868 nesiimemmoo

839 4112 997 4172 i
1311 3906 2624 3966 mieno
2698 3783 2855 3843 1

840 4195 1612 4255 nenlai
1819 4053 2334 4113 mie
2490 3972 2647 4032 1o

819 4411 1008 4471 i
1258 4249 2316 4309 iimeh

865 4404 2618 4464 imimeno

881 4709 1061 4769 i
1515 4537 2138 4597 ihe
2486 4408 2666 4468 o

895 4853 959 4913 e
1196 4755 1856 4815 made
2092 4582 2566 4642 mie
2810 4502 2924 4562 1o

898 4962 1476 5022 enaiclh
1699 4786 2451 4846 memon

1612 5000 2353 5060 Hergzlichsrt
2550 4947 3171 5007 Sallen
