4744 6676
684 847 4028 961 verlangt hatte bis Sonntag, sondern erst
888 1027 4360 1145 Ende der nächsten Woche fertig werden könne.
904 1247 4312 1369 Was jetzt zu thun ist, weiss ich nicht. Abgesehen
832 1443 4024 1569 davon, dass ich nun die Aussicht habe hier
920 1611 4284 1769 sitzen zu bleiben, und mich unbeschreiblich zu
696 1791 4060 1981 langweilen, ist mir die Sache mit Rück¬
680 1947 4252 2169 sicht auf Sie sehr unangenehm. Wie ich
632 2135 4240 2349 mich auf diese Tour gefreut habe, kann
632 2327 3872 2565 ich Ihnen nicht sagen, ich habe am
572 2531 4148 2777 ganzen Weg nach Ampezzo daran gedacht,
804 2719 4104 2949 wie schön es sein wird, hier mit Ihnen
484 2915 4084 3161 nochmals hereinzufahren. Die Parthie
508 3055 4108 3377 nach Heiligenblut und von da auf die Franz
520 3255 4176 3557 Josefshöhe zur Pasterze war zwar sehr schön,
516 3471 4100 3729 aber sie hat mich furchtbar übermüdet, so
496 3659 4284 3937 dass ich heute nicht aus dem Hause gehe,
512 3871 4060 4097 Ich habe sie auch nur meinem Bruder
800 4039 4268 4273 zuliebe gemacht, weil ich von Ampezzo noch
492 4259 4284 4497 müde war, u. dann dachte ich mir, vielleicht
500 4475 4292 4713 wird das Rad bis Sonntag od. Montag doch fertig,
524 4679 4228 4905 dann kommen Sie, und ich kann nicht
476 4871 4168 5081 mehr nach Heiligenbluth. Ich bin so von
448 5067 3952 5265 der Sonne verbrannt, dass mir das ganze
484 5235 4084 5449 Gesicht weh thut, und sich mir die Haut
472 5527 1956 5645 vom Halse schält. –
