3850 6166
511 2099 790 2159 Em
904 2075 1578 2135 Mench,
1598 2083 1670 2143 ,
1712 2081 2002 2141 wes,
2033 2062 2240 2122 das
2333 2041 2706 2101 binge
2820 2032 2955 2092 ich
3079 2022 3359 2082 noch

500 2261 933 2321 nicht
1064 2235 1596 2295 heraus,
1628 2243 1650 2303 –
1855 2235 2050 2295 hat
2192 2217 2365 2277 ihr
2528 2203 2668 2263 in
2777 2179 3449 2239 Gimunden

496 2405 837 2465 oer
958 2396 1211 2456 Sichl
1421 2391 2092 2451 erzahlt,
2136 2385 2389 2445 dass
2566 2363 2697 2423 ich
2841 2348 3040 2408 das
3117 2324 3359 2384 erste

511 2603 932 2663 Mmal
1090 2594 1200 2654 in
1284 2580 1561 2640 Sschl
1719 2555 2154 2615 war,
2202 2535 2698 2595 fener,
2734 2512 2989 2572 dass
3085 2492 3231 2552 ich

511 2799 1050 2859 rongen
1160 2751 1517 2811 fahr,
1565 2745 1748 2805 als
1859 2727 1994 2787 sie
2105 2691 3024 2751 hicherkan,
3074 2663 3392 2723 auch

505 2990 837 3050 un
914 2969 1214 3029 schl
1358 2923 2058 2983 gresen,
2113 2891 2379 2951 hat
2513 2872 2680 2932 ihr
2812 2847 3223 2907 sont

509 3158 1317 3218 allerhand
1432 3086 2274 3146 Geschichten,
2322 3045 2517 3105 voen
2643 3012 3106 3072 Frau.
3141 2987 3384 3047 5.

524 3346 959 3406 gener
1072 3300 1308 3360 von
1444 3262 1968 3322 Frlis.
2018 3225 2740 3285 erzahlt,
2789 3204 2802 3264 –
2952 3178 3262 3238 Murs

524 3553 762 3613 Sie
876 3481 1367 3541 könmen
1542 3458 1756 3518 sich
1957 3391 2648 3451 denkenn,
2687 3369 2912 3429 wie
3113 3335 3390 3395 das

514 3710 977 3770 sanne
1102 3643 1565 3703 Mdel
1748 3589 2461 3649 zugeichtet
2603 3526 3107 3586 när.
3162 3502 3176 3562 E

563 3887 1023 3947 hete,
1088 3838 1264 3898 ich
1441 3804 1682 3864 his
1836 3783 1923 3843 un
2034 3750 2538 3810 thun,
2581 3718 2890 3778 undr
2933 3669 3394 3729 halden

484 4097 728 4157 es
832 4050 1130 4110 mich
1356 3987 1584 4047 um
1776 3947 2126 4007 allen
2265 3914 2702 3974 weedet
2878 3861 3139 3921 um
3243 3828 3767 3888 Bllich.

494 4255 1051 4315 genicht
1161 4211 1191 4271 zu
1455 4154 1943 4214 bingen

554 4441 1368 4501 Aukzeiden
1445 4376 1716 4436 hat
1883 4339 2291 4399 man
2426 4305 2622 4365 ihr
2759 4262 3288 4322 ezlachl

544 4650 878 4710 mir
988 4593 1488 4653 seine,
1525 4564 1693 4624 um
1840 4505 2675 4565 Palsuign
2859 4434 3193 4494 nir

553 4810 965 4870 einer
1201 4743 1703 4803 janigen
1866 4692 2368 4752 chieten
2515 4633 3239 4693 Klondine

558 4958 1903 5018 »anheralanfen,
1998 4877 2344 4937 dass
2498 4850 2689 4910 sie
2863 4823 3132 4883 mir

613 5163 1572 5223 wellatah
1730 5078 2102 5138 aber
2211 5048 2395 5108 Sie
2583 4961 3730 5021 Beinbfen,

634 5399 922 5459 siih
1055 5320 1379 5380 mect
1636 5232 2739 5292 metghncht,
2839 5142 3516 5202 wod,
