2715 2581
421 863 2261 928 Lieber Freund! Es wäre mir gerade gestern
436 934 2450 1018 sehr lieb gewesen, wenn Sie in's Kremser
451 1021 1992 1089 gekom̄en wären. Ich hatte eine Begegnung
1583 1117 2306 1184 mit B. hatte Gefühlsergüße anzuhören
1720 1215 1896 1271 und bin infolgedessen ganz hin.
1634 1299 2407 1394 Ich muss jetzt zu Kafka, u. dann
1741 1445 1849 1498 rasch zu Bauer, sonst wäre ich in
970 1508 2228 1606 Ihre Ordination gekommen. Es
1747 1630 2252 1698 ist möglich, dass B. mich noch
492 1744 2354 1821 aufpaßt, ich habe heute schon
454 1881 797 1940 wenigstens von ihr einen überschweng¬
