6158 8170
676 1339 5473 1433 gann der Mensch neben mir enthusiastisch zu werden, und mir
632 1543 5477 1621 von der »Mutter Natur« zu reden. Ich glaubte, ich müsse vom
712 1727 5401 1809 Wagen springen, um laut schreiend ins Kafé Kremser zu
700 1919 5321 2001 laufen, um mit Ihnen über die lächerliche Begeisterung des
716 2103 5413 2193 widerlichen 1. Grades zu schimpfen. Das wird jedoch bald
736 2283 5509 2381 geschehen, und dann werde ich Ihnen das Milieu schil¬
696 2471 5609 2557 dern, in das ich hier gerathen bin. Schrecklich ist mir hier
712 2659 5541 2741 das Umworbenwerden, das Herandrängen der Familien u.
768 2847 5485 2945 das plumpe Angeln der Mütter u. Töchter. Mein Bruder
792 3047 3968 3129 Emil – »ist scho hin i is scho hin!«
768 3239 5393 3329 Mit Italien  sieht's schlecht aus. Papa beginnt den Be-¬
760 3427 5289 3501 trieb und ich sehe, wie die Tausende nur so fliegen.
764 3611 5285 3697 Es wird schwer halten an ihn heranzutreten. Auf jeden
764 3787 5317 3877 Fall sehe ich Sie im Verlaufe dieser Woche, und freue
780 3987 2884 4061 mich schon sehr darauf.
792 4160 5189 4250 Leben Sie recht wol, und berauschen Sie sich immerhin an der
780 4344 5313 4442 Lüge, die nach Wahrheit duftet, auch ich suche u. ersehne diesen Duft; –
760 4548 5269 4634 es ist ja unser Beider Schicksal, die wir nach der Wahrheit lechzen,
764 4740 5041 4822 dass wir uns am Duft der Lüge betäuben, und daher auch
800 4932 3312 5006 unser Hass gegen die Nüchternen.
868 5104 4813 5198 Grüßen Sie mir alle Herren die uns lieb sind, und
856 5292 5329 5386 senden Sie auch von mir die besten Wünsche mit nach
852 5480 1300 5550 Tropp.
2768 5640 5101 5778 Ihr herzlich ergebener Felix S.
