3313 4887
340 1196 507 1256 eit
591 1187 900 1247 mannn
1039 1179 1194 1239 ie
1264 1189 1431 1249 wun
1516 1196 1655 1256 Wie
1726 1201 1991 1261 melaht
2076 1220 2860 1280 iittherlin,
2902 1211 3083 1271 an

343 1307 519 1367 Sie
587 1299 811 1359 emen
892 1287 1218 1347 Aleinens
1272 1295 1530 1355 steffen
1612 1303 1971 1363 halen,
2005 1315 2257 1375 musste
2345 1319 2582 1379 ich,
2609 1323 2772 1383 aber
2833 1312 3010 1372 dass

373 1399 740 1459 kannen,
761 1389 912 1449 mir
1006 1383 1164 1443 dach
1279 1393 1502 1453 nicht
1617 1411 2257 1471 uinsyönren,
2287 1421 2308 1481 da
2466 1427 2567 1487 ich
2704 1431 2876 1491 Woch
2978 1436 3157 1496 gien

367 1501 714 1561 Pochter
751 1495 1053 1555 habe.
1083 1487 1468 1547 Mibrigens
1544 1491 1740 1551 habe
1830 1498 1929 1558 ich
2050 1519 2322 1579 sehst,
2359 1536 2646 1596 mieder
2729 1542 2948 1602 acht

355 1622 1074 1682 Sehrenkenlage
1156 1603 1802 1663 mitgennacht.
1848 1614 1983 1674 Ich
2127 1627 2288 1687 in
2397 1631 2918 1691 meenlich

384 1750 789 1810 kommail
919 1735 1064 1795 doch
1170 1723 1614 1783 ersgen,
1645 1730 1821 1790 und
1928 1731 1943 1791 so
2119 1741 2486 1801 Nkäeen
2616 1755 2815 1815 dan

398 1887 560 1947 Wece.
597 1867 841 1927 acht.
877 1847 1258 1907 laigen
1312 1849 1647 1909 Rage.
1684 1857 2001 1917 Endlich
2101 1857 2689 1917 erschien.
2725 1871 2843 1931 Wie

460 1991 853 2051 gefahr
957 1975 1118 2035 doch
1238 1972 1616 2032 Heiseitugt
1745 1987 2034 2047 und,
2074 1987 2186 2047 ich
2276 1973 2653 2033 Alinele
2757 1971 2974 2031 aufe

447 2102 582 2162 Es
654 2114 861 2174 märe
952 2103 1330 2163 virklich
1448 2111 1475 2171 zu
1627 2115 2196 2175 schrechlich
2330 2123 2799 2183 gewesele

422 2231 980 2291 Mbrrgens
1069 2233 1548 2293 verkringe
1655 2239 1760 2299 ich
1911 2247 2187 2307 nach
2310 2251 2586 2311 dieser
2665 2243 2896 2303 keite

425 2351 685 2411 ken
807 2351 1016 2411 Arge
1137 2359 1554 2419 Tage.
1590 2363 2076 2423 Saenen,
2110 2363 2615 2423 kenen.
2649 2354 3006 2414 Ienen

472 2491 718 2551 Wie
833 2499 1265 2559 winen,
1309 2483 1318 2543 a
1538 2480 1644 2540 zud
1740 2483 2102 2543 schothe
2234 2489 2402 2549 id
2534 2491 3045 2551 Mmwant

471 2623 802 2683 nicht
921 2628 1303 2688 kimmal
1413 2615 1532 2675 Sie
1599 2615 1854 2675 secht
2007 2616 2474 2676 missen,
2516 2614 2609 2674 Es
2694 2603 2898 2663 gibe

500 2747 1271 2807 gegenmwärtig.
1315 2747 1758 2807 besondess
1838 2753 2095 2813 abern
2139 2752 2414 2812 heute
2565 2745 2946 2805 kinne

506 2883 835 2943 Traus
979 2895 1088 2955 die
1181 2888 1384 2948 mir
1510 2899 2406 2959 vunausstehlicher
2566 2897 2979 2957 »wäre.

480 3019 665 3079 als
767 3016 1119 3076 meine
1221 3019 1815 3079 Gelichte.
1843 3026 1992 3086 Sie
2112 3015 2297 3075 hat
2436 3012 2927 3072 brigens

541 3145 1002 3205 gestern,
1031 3150 1170 3210 als
1258 3150 1406 3210 min
1494 3147 1779 3207 eine.
1818 3147 2163 3207 Monde
2280 3139 2565 3199 lalng
2713 3139 3067 3199 hostlos

462 3303 704 3363 und
834 3295 1280 3355 Mithend
1392 3294 2266 3354 hebeneimander
2369 3294 2751 3354 saßen

523 3443 983 3503 Mooflich
1084 3446 1584 3506 geagt,
1625 3452 1835 3512 Ihns
1935 3443 2285 3503 sellte,
2315 3438 2636 3498 man
2747 3431 3017 3491 mits

536 3620 1136 3680 mitttelin
1223 3616 1888 3676 auseinander
1974 3607 2490 3667 jagen.
2522 3602 2543 3662 Wo
2737 3591 2898 3651 wie

537 3780 1049 3840 secht.
1089 3755 1247 3815 Wir
1315 3747 1493 3807 ind
1572 3743 2253 3803 übingensem
2332 3746 2509 3806 eis
2568 3739 3002 3799 kaaunden

569 3905 1125 3965 setrelen,
1155 3893 1254 3953 in
1314 3879 1701 3939 belchen
1771 3883 1959 3943 jeer
2049 3881 2326 3941 Streit
2436 3887 2705 3947 sofost
2784 3882 2952 3942 ans

519 4046 832 4106 artet
940 4047 1116 4107 und
1192 4037 1423 4097 nicht
1499 4023 1767 4083 wieder
1851 4024 2097 4084 gechz
2227 4019 2718 4079 machen
2764 4011 2779 4071 1e

540 4171 1257 4231 Hegeneitige
1357 4150 2285 4210 Geschinigfsgen
2387 4122 2975 4182 hervorsofl

551 4309 751 4369 ich
903 4305 1132 4365 Ahne
1246 4301 1711 4361 nichht,
1741 4295 1921 4355 um
2017 4284 2169 4344 San
2311 4286 2407 4346 ud
2520 4259 3006 4319 milden
