4226 4893
638 1262 3714 1423 Verstimmung nicht für Sie zu taugen
653 1425 3757 1570 schien, dann weil ich weiss, dass Ihnen
700 1619 1476 1701 die Behandlung solcher Sachen nicht
696 1779 1856 1865 gerade angenehm ist, und endlich,
652 1923 1320 2021 weil lch doch hoffte bis Sonntag wieder
650 2015 3789 2188 soweit zu sein, um Sie zu treffen.
928 2163 3256 2325 Jedenfalls danke ich ihnen herzlich
852 2387 1384 2465 für Ihre Grüße von gestern. Ich wäre
636 2443 3472 2621 froh, wenn es zwischen uns nicht mehr
660 2595 3408 2737 der Worte bedürfte, um uns unserer Ge¬
668 2735 3256 2881 sinnung zu versichern. Vielleicht bin
689 2898 3509 3040 ich übrigens diesmal Schuld, und
680 3035 2404 3165 war der Ton in Ihrem Brief nur eine
680 3135 3512 3305 eingebildete und keine thatsächliche
684 3343 1360 3441 Veranlaßung.
753 3351 3712 3592 Ich hoffe diesen Winter doch noch mit
715 3506 3553 3719 einem Positivum zu schließen, und
740 3647 3184 3829 bleibe bis auf Wiedersehen Ihr
2012 3779 3212 3905 unveränderlicher
2824 3966 3196 4033 Salten
1724 3991 2476 4097 Ich kann seit gestern schon
707 4091 2701 4220 auf eine Stunde ausgehen, und
1140 4203 2432 4301 besuche Sie vielleicht morgen.
