4001 4380
474 1301 946 1361 Jetln
1010 1263 1594 1323 stn.

2092 1434 2531 1494 Iche
2692 1398 3380 1458 Mausisti

555 1633 959 1693 hir
1053 1592 1591 1652 kabene
1727 1589 1928 1649 um
2064 1590 2549 1650 wohalli
2752 1570 3357 1630 getstffen

554 1833 914 1893 unt
1117 1805 1290 1865 wan
1450 1786 1738 1846 ht
1898 1779 2027 1839 er
2128 1766 2403 1826 mir
2547 1772 2807 1832 sIch
2937 1726 3284 1786 Ihm

512 2015 1348 2075 maaturlich
1542 1970 1942 2030 gleich
2112 1952 2402 2012 eine
2621 1928 3167 1988 Norelle

574 2185 1821 2245 vorgelesen,
1874 2142 2073 2202 Sie
2180 2123 2750 2183 hatohim
2870 2075 3109 2135 San

557 2391 955 2451 selcht
1042 2358 1227 2418 gia
1427 2347 1800 2407 Nachr
1875 2330 2060 2390 goh
2260 2318 2421 2378 das
2509 2283 3006 2343 jachtigl
3093 2250 3217 2310 dh
3330 2230 3503 2290 imr

550 2590 924 2650 mehe
1024 2534 1473 2594 Relenen
1573 2500 2533 2560 Rescheilenhit)
2683 2460 3270 2520 gefalte

511 2774 1205 2834 Waahnrauch
1362 2725 1469 2785 is
1588 2706 1697 2766 esrs
1780 2681 2186 2741 Nich)
2343 2658 2654 2718 hehal
2798 2629 3205 2689 nohitet

604 2913 1163 2973 gekgweint
1359 2856 1555 2916 Das
1658 2838 1879 2898 hat
1997 2819 2101 2879 er
2244 2810 2661 2870 khatee
2792 2792 3027 2852 ichs
3091 2763 3351 2823 wolank

623 3084 918 3144 sichs
982 3057 1317 3117 boihen
1407 3012 2371 3072 vorheigenisnt.
2424 2972 2681 3032 WDien
2796 2937 3286 2997 misteße

620 3236 1003 3296 aucke

1540 3238 2064 3298 Sallten

2749 3182 3039 3242 Irae
