4001 4380
2271 1410 2649 1470 Sichl,
2676 1398 2763 1458 I.
2782 1396 3168 1456 Angeict
3248 1404 3397 1464 zt.

633 1599 658 1659 Mi
998 1580 1365 1640 hnlät
1453 1559 1933 1619 kumlich
2022 1547 2275 1607 pelte
2337 1536 2627 1596 abend
2729 1526 2867 1586 bin
2969 1523 3612 1583 Schlernct,

544 1699 723 1759 Es
790 1684 939 1744 war
1014 1669 1514 1729 klkltaten
1581 1660 1812 1720 Sa,
1834 1651 2029 1711 und
2118 1642 2289 1702 über
2379 1633 2528 1693 den
2617 1630 2856 1690 Wige
2923 1635 3296 1695 schmiitt

541 1808 861 1868 kain
958 1787 1093 1847 ein
1191 1777 1686 1837 Paultauf
1813 1750 1929 1810 Sie
2064 1727 2764 1787 mistande,
2803 1738 2948 1798 ie
3036 1726 3541 1786 Ssegen

566 1920 847 1980 wenns
927 1890 1313 1950 Arbenden
1393 1844 2293 1904 gefühlscusbruches
2398 1815 2655 1875 ir,
2679 1815 3185 1875 vorlisgende

570 2027 1037 2087 harte,
1077 2000 1369 2060 welche
1487 1967 1797 2027 Ihnen
1907 1962 2176 2022 Gße
2303 1953 2462 2013 win
2603 1923 3585 1983 nachstehendn,

567 2148 1510 2208 Vessänlichkeiten
1606 2089 2131 2149 übemiithlt

588 2356 991 2416 Tnnne
1108 2326 1849 2386 slleninn.
1900 2321 2121 2381 Ianu
2369 2320 2777 2380 falllinyck
2756 2320 2940 2380 falllinyck

657 2532 1236 2592 Ttbg,
1295 2525 1948 2585 Hleilen.
2007 2593 2319 2653 N.
2380 2609 3137 2669 anennt

532 2740 1356 2852 Gretl Schlesinger,
1547 2752 2534 2859 Fanny Schlesinger
2688 2793 3584 2887 Trotzdem Herr
3001 2873 3297 2933 nolt.

397 2898 848 2958 Sallen
978 2910 1004 2970 me
1343 2928 1804 2988 alsclit
1890 2937 2212 2997 wuall
2359 2928 3488 2988 alakenmaht

374 2991 554 3051 als
644 3012 1768 3072 meinenkknaen
1873 3030 2135 3090 gals
2172 3036 2728 3096 alkeilen
2930 3040 3537 3100 Nescitge

391 3105 637 3165 ah
730 3104 892 3164 clie
1008 3101 1247 3161 geite
1355 3125 2134 3185 Alalasenkäil
2243 3139 3130 3199 Ihnennale
3230 3166 3492 3226 haig

381 3209 743 3269 Secbhe
872 3206 1338 3266 Rmaste
1459 3245 2521 3305 Gelenkergaolen
2581 3248 2883 3308 glaas
2943 3250 3134 3310 leah
3280 3275 3522 3335 salss

405 3289 990 3349 sclfals
1051 3310 1140 3370 ach
1208 3308 1610 3368 getllsal
1779 3295 2052 3355 Sagl
2208 3317 2419 3377 Als

1693 3327 1885 3395 in spe
527 3366 3621 3448 Med. Dr.  Alfred Schlesinger grüßt den zukünftigen Herrn Collegen bestens
692 3409 2105 3469 nachdem er seine Matura
2880 3422 3606 3485 glücklich überstanden.
334 1356 418 2865 Fanny fragt warum »nachstehend« nicht
406 1319 493 2828 unter Anführungszeichen steht. Bitte, erklären
471 1997 543 2415 Sie ihr das!! E
