4226 4893
2640 871 2828 925 Mittwoch.
916 1803 3196 1889 Lieber Doctor Schnitzler! Ich sage
844 2015 2452 2101 Ihnen vielen Dank für Ihre freund¬
836 2175 3500 2281 lichen Grüße. Meinem Papa habe
868 2319 3620 2429 ich, – wie schon oft vorher – auch gestern
856 2507 3148 2577 wieder Vorstellungen Ihretwegen gemacht.
880 2659 3364 2729 Er beruft sich darauf, dass er jetzt
992 2807 3140 2885 gerade sehr viel Pech in seinem
1536 2959 3656 3045 Geschäft und mit allen möglichen
2168 3123 3500 3193 Widerwärtigkeiten zu kämpfen
1100 3287 3024 3377 habe, die er nicht hat voraus¬
868 3423 3236 3529 sehen können; und bittet Sie
900 3587 2948 3685 um Entschuldigung und um
2728 3751 3388 3809 ein wenig Geduld. Ich selbst
