4744 6676
696 1335 4220 1425 wie überall, mit den Schilderungen der Leute schlecht
460 1551 4240 1649 bestellt. Ich fand wol stetes, oft scharfes Bergab,
416 1767 4232 1853 aber eine verwahrloste Straße, voll Schotter, theil¬
416 1971 4092 2057 weise mit Gras bewachsen, und überall faßt
452 2167 4132 2249 fußhoher Staub. Doch ging’s die ganze Strecke
408 2355 4192 2445 noch leidlich, nur eine auffallend leichte
404 2539 4216 2649 Lenkbarkeit des Gouvernals, die ich mir nicht
440 2715 3976 2841 erklären konnte, bis zwischen Mittewald &amp;
468 2907 4180 3053 Lienz mein Rad einfach zu taumeln be¬
600 3115 4292 3273 gann, und die Kugellagerung im Gouvernal
512 3327 4260 3473 bei jeder Schwenkung knackte. Bei näherer
636 3503 4268 3661 Besichtigung, ergab sich das der Conus ganz
536 3703 4208 3877 gelockert war, offenbar war einer der Stifte,
512 3863 4188 4069 die ihn halten gebrochen. In Lienz fand
544 4051 4112 4265 ich am selben Tag keine Hilfe, es war
201 3499 3849 3705 (Dienstag) Feiertag und alles geschloßen.
464 4455 4040 4677 Mittwoch ging ich hinein, und erhielt
488 4635 4176 4873 die Auskunft, man müße erst untersuchen,
484 4811 4112 5053 und würde mir die Post sagen laßen.
568 5007 4172 5249 Gestern Abend vom Glockner zurückgekehrt, fand
528 5203 4132 5437 ich die Nachricht, dass einige Kugeln, und
496 5387 4160 5649 (wie ich vermuthet hatte) die Stifte gebrochen
504 5631 4132 5841 seien, und dass mein Rad nicht, wie ich
