3982 5671
655 1970 1743 2040 Lieber Freund!
623 2106 3223 2252 a) werde ich sogleich thun, und
511 2290 3343 2440 mich bemühen, dass die Sache am
535 2486 3583 2616 Ende sich nicht jährt, ehe sie geordnet
507 2722 723 2780 ist.
543 2846 3515 2960 b) soll in den nächsten Tagen erfolgen,
579 3010 3511 3136 bin nicht Schuld, dass es noch nicht
555 3230 1351 3316 geschehen.
539 3318 3567 3524 c) Dörmann frägt an, ob er Ihr Gedicht
751 3482 3535 3660 »dass all das Schöne nun längst zu Ende«
591 3678 3239 3816 bringen darf, Schreiben Sie ihm
543 3874 2299 3992 vielleicht eine Karte.
575 3982 3467 4164 d) Sind Sie morgen bei »Therese Krones?«
659 4122 3423 4324 Ich bin auf alle Fälle da, und wir sou¬
579 4270 3471 4456 piren dann zusammen? Wenn nicht
551 4514 1659 4604 Arkaden Café!
1871 4542 3059 4644 Herzlichst Ihr
2503 4754 3199 4828 Salten
