3376 6054
611 1914 2735 2028 Lieber Freund, ich habe
507 2118 2839 2264 die grösste Verzweiflung vorge¬
531 2298 2751 2452 funden. Weinkrämpfe, Zer¬
563 2494 2383 2620 knirschung, kurz Alles.
511 2650 2711 2800 Die Sache lief darauf hinaus,
555 2810 2983 2976 dass mir erklärt wurde, wenn
515 2993 2815 3127 nicht morgen um 12, so eine
539 3205 2743 3303 eine Leiche, ec. ec. Sehr viel
467 3393 2843 3503 Details von menschlicher Wichtigkeit!
531 3593 1863 3679 Bruder, Mutter ec.
575 3757 2819 3895 Der Schluss war, dass sie sagte,
531 3941 2783 4075 bitte geh’ nach Hause,. Darauf
515 4125 2679 4247 ich, – es ist noch früh. – »Bitte,
511 4285 2783 4411 geh’ ich möchte mich nieder¬
455 4449 2843 4599 legen.« Darauf ich: Wann
447 4645 2971 4791 sehen wir uns wieder? Sie: Nie!!!
523 4873 2891 4979 Ich: Ist das Ernst? Sie »Nim̄er!
