<?xml version="1.0" encoding="UTF-8" standalone="yes"?>
<PcGts xmlns="http://schema.primaresearch.org/PAGE/gts/pagecontent/2013-07-15" xmlns:xsi="http://www.w3.org/2001/XMLSchema-instance" xsi:schemaLocation="http://schema.primaresearch.org/PAGE/gts/pagecontent/2013-07-15 http://schema.primaresearch.org/PAGE/gts/pagecontent/2013-07-15/pagecontent.xsd">
    <Metadata>
        <Creator>prov=READ-COOP:name=PyLaia@TranskribusPlatform:version=1.4.0:model_id=50224:lm=none:date=21_02_2023_08:50</Creator>
        <Created>2023-01-18T09:58:31.814+01:00</Created>
        <LastChange>2023-07-06T13:34:24.113+02:00</LastChange>
        <TranskribusMetadata docId="1297578" pageId="51643931" pageNr="152" tsid="129008961" status="IN_PROGRESS" userId="100952" imgUrl="https://files.transkribus.eu/Get?id=BLDBNWVABNMZIUOAFWLUUAON&amp;fileType=view" xmlUrl="https://files.transkribus.eu/Get?id=GNOZJKXVTUEJMELLGGLDBVIN" imageId="42228392"/>
    </Metadata>
    <Page imageFilename="MS-SCHNITZLER-B-00089-A-00001-000-00074-R.tif" imageWidth="4026" imageHeight="6206">
        <ReadingOrder>
            <OrderedGroup id="ro_1688981950111" caption="Regions reading order">
                <RegionRefIndexed index="0" regionRef="tr_1"/>
            </OrderedGroup>
        </ReadingOrder>
        <TextRegion id="tr_1" custom="readingOrder {index:0;}">
            <Coords points="643,1813 3550,1813 3550,4952 643,4952"/>
            <TextLine id="tr_3_tl_1" custom="readingOrder {index:0;} dateline {offset:0; length:18;} opener {offset:0; length:18;} place {offset:0; length:4;} letter-begin {offset:0; length:0;} date {offset:10; length:8;}">
                <Coords points="2145,1490 2526,1519 2719,1439 2984,1487 3224,1436 3239,1192 2708,1229 2599,1290 2494,1283 2432,1221 2163,1207"/>
                <Baseline points="2167,1439 2219,1431 2279,1423 2339,1415 2399,1415 2459,1407 2519,1407 2579,1403 2639,1399 2699,1395 2759,1395 2819,1387 2879,1383 2939,1383 2999,1383 3059,1383 3118,1371 3178,1371 3238,1371"/>
                <Word id="tr_3_tl_1_w1" custom="readingOrder {index:0;}">
                    <Coords points="2167,1375 2167,1435 2582,1435 2582,1375 2167,1375"/>
                    <TextEquiv>
                        <Unicode>Wien,</Unicode>
                    </TextEquiv>
                </Word>
                <Word id="tr_3_tl_1_w2" custom="readingOrder {index:1;}">
                    <Coords points="2615,1355 2615,1415 2766,1415 2766,1355 2615,1355"/>
                    <TextEquiv>
                        <Unicode>den</Unicode>
                    </TextEquiv>
                </Word>
                <Word id="tr_3_tl_1_w3" custom="readingOrder {index:2;}">
                    <Coords points="2848,1343 2848,1403 2932,1403 2932,1343 2848,1343"/>
                    <TextEquiv>
                        <Unicode>Ah</Unicode>
                    </TextEquiv>
                </Word>
                <Word id="tr_3_tl_1_w4" custom="readingOrder {index:3;}">
                    <Coords points="2997,1338 2997,1398 3165,1398 3165,1338 2997,1338"/>
                    <TextEquiv>
                        <Unicode>Goch</Unicode>
                    </TextEquiv>
                </Word>
                <TextEquiv>
                    <Unicode>Wien, den 21. Juli</Unicode>
                </TextEquiv>
            </TextLine>
            <TextLine id="tr_1_tl_1" custom="readingOrder {index:1;} salute {offset:0; length:13;}">
                <Coords points="636,2105 1625,1941 1843,2025 2432,1919 2886,1981 3177,1883 3181,1778 3072,1748 1807,1897 1338,1785 651,1839"/>
                <Baseline points="659,2043 667,2043 727,2031 787,2023 847,2019 907,2011 967,2007 1027,2003 1087,1999 1147,1987 1207,1983 1267,1979 1327,1975 1387,1971 1447,1967 1507,1963 1567,1963 1627,1963 1687,1967 1747,1967 1807,1959 1867,1959 1927,1959 1987,1959 2047,1955 2107,1947 2167,1939 2227,1935 2287,1935 2347,1927 2407,1927 2467,1923 2527,1919 2587,1915 2647,1907 2707,1903 2767,1903 2827,1899 2887,1891 2947,1887 3007,1879 3067,1871 3126,1867 3186,1863"/>
                <Word id="tr_1_tl_1_w1" custom="readingOrder {index:0;}">
                    <Coords points="650,1972 650,2032 1145,2032 1145,1972 650,1972"/>
                    <TextEquiv>
                        <Unicode>Lieber</Unicode>
                    </TextEquiv>
                </Word>
                <Word id="tr_1_tl_1_w2" custom="readingOrder {index:1;}">
                    <Coords points="1220,1923 1220,1983 1815,1983 1815,1923 1220,1923"/>
                    <TextEquiv>
                        <Unicode>Arthuur,</Unicode>
                    </TextEquiv>
                </Word>
                <Word id="tr_1_tl_1_w3" custom="readingOrder {index:2;}">
                    <Coords points="1864,1919 1864,1979 2026,1979 2026,1919 1864,1919"/>
                    <TextEquiv>
                        <Unicode>in</Unicode>
                    </TextEquiv>
                </Word>
                <Word id="tr_1_tl_1_w4" custom="readingOrder {index:3;}">
                    <Coords points="2124,1895 2124,1955 2422,1955 2422,1895 2124,1895"/>
                    <TextEquiv>
                        <Unicode>mier</Unicode>
                    </TextEquiv>
                </Word>
                <Word id="tr_1_tl_1_w5" custom="readingOrder {index:4;}">
                    <Coords points="2520,1867 2520,1927 2768,1927 2768,1867 2520,1867"/>
                    <TextEquiv>
                        <Unicode>wier</Unicode>
                    </TextEquiv>
                </Word>
                <Word id="tr_1_tl_1_w6" custom="readingOrder {index:5;}">
                    <Coords points="2880,1841 2880,1901 3103,1901 3103,1841 2880,1841"/>
                    <TextEquiv>
                        <Unicode>geht</Unicode>
                    </TextEquiv>
                </Word>
                <TextEquiv>
                    <Unicode>Lieber Arthur, in dieser Welt geht</Unicode>
                </TextEquiv>
            </TextLine>
            <TextLine id="line_1675772576715_2849" custom="readingOrder {index:2;}">
                <Coords points="643,2286 960,2185 2490,2185 3399,2017 3410,1879 3206,1854 2926,1999 2301,1945 1628,2090 662,2086"/>
                <Baseline points="671,2211 707,2207 767,2203 827,2195 887,2195 947,2187 1007,2179 1067,2179 1127,2175 1187,2179 1247,2179 1307,2171 1367,2171 1427,2167 1487,2167 1547,2167 1607,2159 1667,2151 1727,2147 1787,2143 1847,2143 1915,2143 1975,2143 2035,2131 2095,2127 2155,2123 2215,2111 2275,2111 2335,2111 2395,2115 2419,2111 2451,2103 2511,2099 2571,2095 2631,2087 2691,2083 2751,2071 2811,2075 2871,2067 2931,2055 2991,2039 3051,2031 3110,2019 3170,2015 3230,2007 3290,1999 3350,1995 3410,1987"/>
                <Word id="line_1675772576715_2849_w1" custom="readingOrder {index:0;}">
                    <Coords points="661,2145 661,2205 1260,2205 1260,2145 661,2145"/>
                    <TextEquiv>
                        <Unicode>gammichts</Unicode>
                    </TextEquiv>
                </Word>
                <Word id="line_1675772576715_2849_w2" custom="readingOrder {index:1;}">
                    <Coords points="1390,2127 1390,2187 1654,2187 1654,2127 1390,2127"/>
                    <TextEquiv>
                        <Unicode>vor,</Unicode>
                    </TextEquiv>
                </Word>
                <Word id="line_1675772576715_2849_w3" custom="readingOrder {index:2;}">
                    <Coords points="1697,2103 1697,2163 1916,2163 1916,2103 1697,2103"/>
                    <TextEquiv>
                        <Unicode>und</Unicode>
                    </TextEquiv>
                </Word>
                <Word id="line_1675772576715_2849_w4" custom="readingOrder {index:3;}">
                    <Coords points="2062,2085 2062,2145 2163,2145 2163,2085 2062,2085"/>
                    <TextEquiv>
                        <Unicode>es</Unicode>
                    </TextEquiv>
                </Word>
                <Word id="line_1675772576715_2849_w5" custom="readingOrder {index:4;}">
                    <Coords points="2237,2071 2237,2131 2382,2131 2382,2071 2237,2071"/>
                    <TextEquiv>
                        <Unicode>ist</Unicode>
                    </TextEquiv>
                </Word>
                <Word id="line_1675772576715_2849_w6" custom="readingOrder {index:5;}">
                    <Coords points="2528,2041 2528,2101 2865,2101 2865,2041 2528,2041"/>
                    <TextEquiv>
                        <Unicode>gaanss</Unicode>
                    </TextEquiv>
                </Word>
                <Word id="line_1675772576715_2849_w7" custom="readingOrder {index:6;}">
                    <Coords points="2966,1984 2966,2044 3199,2044 3199,1984 2966,1984"/>
                    <TextEquiv>
                        <Unicode>gelan</Unicode>
                    </TextEquiv>
                </Word>
                <TextEquiv>
                    <Unicode>garnichts vor, und es ist ganz gleich¬</Unicode>
                </TextEquiv>
            </TextLine>
            <TextLine id="line_1675772584484_2857" custom="readingOrder {index:3;} place {offset:24; length:5;}">
                <Coords points="691,2497 847,2406 981,2475 1356,2352 1901,2385 3337,2199 3482,2039 709,2272"/>
                <Baseline points="719,2411 751,2403 811,2391 871,2383 931,2379 991,2371 1051,2371 1111,2367 1171,2359 1231,2351 1291,2347 1351,2343 1411,2339 1471,2335 1531,2331 1591,2327 1651,2323 1711,2319 1771,2319 1831,2315 1891,2311 1951,2307 2011,2307 2071,2299 2175,2291 2219,2287 2279,2287 2339,2279 2399,2275 2459,2271 2587,2263 2607,2259 2667,2255 2727,2239 2787,2231 2847,2223 2907,2215 2967,2207 3027,2195 3087,2191 3095,2191 3122,2191 3182,2183 3242,2175 3302,2171 3362,2163 3422,2151 3482,2147"/>
                <Word id="line_1675772584484_2857_w1" custom="readingOrder {index:0;}">
                    <Coords points="726,2334 726,2394 1209,2394 1209,2334 726,2334"/>
                    <TextEquiv>
                        <Unicode>Wall,</Unicode>
                    </TextEquiv>
                </Word>
                <Word id="line_1675772584484_2857_w2" custom="readingOrder {index:1;}">
                    <Coords points="1277,2289 1277,2349 1832,2349 1832,2289 1277,2289"/>
                    <TextEquiv>
                        <Unicode>wimmn</Unicode>
                    </TextEquiv>
                </Word>
                <Word id="line_1675772584484_2857_w3" custom="readingOrder {index:2;}">
                    <Coords points="1945,2257 1945,2317 2224,2317 2224,2257 1945,2257"/>
                    <TextEquiv>
                        <Unicode>Bette</Unicode>
                    </TextEquiv>
                </Word>
                <Word id="line_1675772584484_2857_w4" custom="readingOrder {index:3;}">
                    <Coords points="2360,2232 2360,2292 2522,2292 2522,2232 2360,2232"/>
                    <TextEquiv>
                        <Unicode>in</Unicode>
                    </TextEquiv>
                </Word>
                <Word id="line_1675772584484_2857_w5" custom="readingOrder {index:4;}">
                    <Coords points="2639,2180 2639,2240 3099,2240 3099,2180 2639,2180"/>
                    <TextEquiv>
                        <Unicode>geker</Unicode>
                    </TextEquiv>
                </Word>
                <Word id="line_1675772584484_2857_w6" custom="readingOrder {index:5;}">
                    <Coords points="3190,2129 3190,2189 3443,2189 3443,2129 3190,2129"/>
                    <TextEquiv>
                        <Unicode>Coe</Unicode>
                    </TextEquiv>
                </Word>
                <TextEquiv>
                    <Unicode>giltig, ob man jetzt in Iglau lebt</Unicode>
                </TextEquiv>
            </TextLine>
            <TextLine id="line_1675772597182_2868" custom="readingOrder {index:4;} place {offset:13; length:7;}">
                <Coords points="705,2606 3242,2374 3253,2228 3152,2210 2007,2388 720,2446"/>
                <Baseline points="727,2571 767,2571 827,2555 887,2547 947,2543 1007,2539 1067,2535 1127,2523 1187,2523 1247,2523 1307,2515 1367,2515 1427,2515 1487,2507 1547,2499 1607,2495 1667,2491 1727,2483 1787,2479 1847,2475 1971,2483 1983,2483 2043,2475 2103,2467 2163,2455 2223,2447 2283,2439 2343,2427 2403,2419 2463,2411 2523,2407 2583,2403 2643,2395 2703,2395 2763,2391 2823,2387 2883,2379 2943,2367 3003,2359 3191,2346 3250,2334"/>
                <Word id="line_1675772597182_2868_w1" custom="readingOrder {index:0;}">
                    <Coords points="727,2507 727,2567 1036,2567 1036,2507 727,2507"/>
                    <TextEquiv>
                        <Unicode>soer</Unicode>
                    </TextEquiv>
                </Word>
                <Word id="line_1675772597182_2868_w2" custom="readingOrder {index:1;}">
                    <Coords points="1168,2478 1168,2538 1396,2538 1396,2478 1168,2478"/>
                    <TextEquiv>
                        <Unicode>auf</Unicode>
                    </TextEquiv>
                </Word>
                <Word id="line_1675772597182_2868_w3" custom="readingOrder {index:2;}">
                    <Coords points="1576,2436 1576,2496 2067,2496 2067,2436 1576,2436"/>
                    <TextEquiv>
                        <Unicode>den.</Unicode>
                    </TextEquiv>
                </Word>
                <Word id="line_1675772597182_2868_w4" custom="readingOrder {index:3;}">
                    <Coords points="2116,2373 2116,2433 2771,2433 2771,2373 2116,2373"/>
                    <TextEquiv>
                        <Unicode>Nonkaße</Unicode>
                    </TextEquiv>
                </Word>
                <Word id="line_1675772597182_2868_w5" custom="readingOrder {index:4;}">
                    <Coords points="2935,2313 2935,2373 3244,2373 3244,2313 2935,2313"/>
                    <TextEquiv>
                        <Unicode>ot¬</Unicode>
                    </TextEquiv>
                </Word>
                <TextEquiv>
                    <Unicode>oder auf dem Nordcap ist.</Unicode>
                </TextEquiv>
            </TextLine>
            <TextLine id="line_1675772603391_2876" custom="readingOrder {index:5;}">
                <Coords points="680,2770 3504,2468 3515,2355 3413,2348 694,2628"/>
                <Baseline points="703,2751 743,2743 803,2735 863,2727 923,2719 983,2715 1043,2707 1103,2707 1163,2695 1223,2691 1283,2687 1343,2687 1403,2687 1463,2675 1523,2675 1583,2667 1643,2659 1703,2647 1763,2643 1823,2635 1883,2631 1943,2627 2003,2623 2063,2619 2123,2611 2183,2603 2243,2591 2303,2583 2363,2583 2643,2551 2699,2543 2759,2535 2819,2527 2879,2519 2939,2507 2999,2499 3059,2495 3218,2483 3274,2479 3334,2463 3394,2463 3454,2459 3514,2463"/>
                <Word id="line_1675772603391_2876_w1" custom="readingOrder {index:0;}">
                    <Coords points="721,2688 721,2748 978,2748 978,2688 721,2688"/>
                    <TextEquiv>
                        <Unicode>lich</Unicode>
                    </TextEquiv>
                </Word>
                <Word id="line_1675772603391_2876_w2" custom="readingOrder {index:1;}">
                    <Coords points="1110,2649 1110,2709 1396,2709 1396,2649 1110,2649"/>
                    <TextEquiv>
                        <Unicode>wen</Unicode>
                    </TextEquiv>
                </Word>
                <Word id="line_1675772603391_2876_w3" custom="readingOrder {index:2;}">
                    <Coords points="1525,2604 1525,2664 1965,2664 1965,2604 1525,2604"/>
                    <TextEquiv>
                        <Unicode>eman</Unicode>
                    </TextEquiv>
                </Word>
                <Word id="line_1675772603391_2876_w4" custom="readingOrder {index:3;}">
                    <Coords points="2200,2542 2200,2602 2537,2602 2537,2542 2200,2542"/>
                    <TextEquiv>
                        <Unicode>sihles</Unicode>
                    </TextEquiv>
                </Word>
                <Word id="line_1675772603391_2876_w5" custom="readingOrder {index:4;}">
                    <Coords points="2640,2484 2640,2544 3029,2544 3029,2484 2640,2484"/>
                    <TextEquiv>
                        <Unicode>Ree</Unicode>
                    </TextEquiv>
                </Word>
                <Word id="line_1675772603391_2876_w6" custom="readingOrder {index:5;}">
                    <Coords points="3238,2424 3238,2484 3418,2484 3418,2424 3238,2424"/>
                    <TextEquiv>
                        <Unicode>Aol</Unicode>
                    </TextEquiv>
                </Word>
                <TextEquiv>
                    <Unicode>Auf dem Nordcap ist's besser, da</Unicode>
                </TextEquiv>
            </TextLine>
            <TextLine id="line_1675772608851_2882" custom="readingOrder {index:6;}">
                <Coords points="640,2992 1538,2817 2497,2792 2744,2675 3308,2624 3501,2726 3526,2512 3246,2494 658,2839"/>
                <Baseline points="667,2935 715,2919 775,2911 835,2895 895,2887 955,2879 1015,2871 1075,2863 1135,2859 1195,2855 1255,2851 1315,2847 1375,2835 1435,2827 1495,2819 1555,2811 1615,2799 1675,2799 1735,2795 1795,2791 1855,2787 2231,2743 2255,2739 2315,2735 2375,2731 2547,2695 2591,2691 2651,2687 2711,2679 2771,2671 2831,2667 2891,2655 2951,2651 3011,2647 3071,2643 3130,2639 3138,2643 3162,2635 3222,2627 3282,2623 3342,2619 3402,2615 3462,2611 3522,2603"/>
                <Word id="line_1675772608851_2882_w1" custom="readingOrder {index:0;}">
                    <Coords points="712,2816 712,2876 1624,2876 1624,2816 712,2816"/>
                    <TextEquiv>
                        <Unicode>iimaha</Unicode>
                    </TextEquiv>
                </Word>
                <Word id="line_1675772608851_2882_w2" custom="readingOrder {index:1;}">
                    <Coords points="2039,2710 2039,2770 2290,2770 2290,2710 2039,2710"/>
                    <TextEquiv>
                        <Unicode>is</Unicode>
                    </TextEquiv>
                </Word>
                <Word id="line_1675772608851_2882_w3" custom="readingOrder {index:2;}">
                    <Coords points="2413,2649 2413,2709 2828,2709 2828,2649 2413,2649"/>
                    <TextEquiv>
                        <Unicode>oie</Unicode>
                    </TextEquiv>
                </Word>
                <Word id="line_1675772608851_2882_w4" custom="readingOrder {index:3;}">
                    <Coords points="3033,2592 3033,2652 3325,2652 3325,2592 3033,2592"/>
                    <TextEquiv>
                        <Unicode>ot</Unicode>
                    </TextEquiv>
                </Word>
                <TextEquiv>
                    <Unicode>ist das Ganze. Von grossen Ereig¬</Unicode>
                </TextEquiv>
            </TextLine>
            <TextLine id="line_1675772616448_2890" custom="readingOrder {index:7;}">
                <Coords points="672,3075 3082,2843 3304,2799 3319,2683 687,2948"/>
                <Baseline points="691,3075 727,3071 787,3067 847,3059 907,3055 967,3047 1027,3043 1087,3039 1147,3035 1207,3027 1267,3019 1327,3007 1387,2995 1447,2987 1507,2975 1567,2967 1627,2959 1687,2951 1747,2943 1807,2935 1867,2931 1927,2927 1987,2935 2055,2919 2099,2919 2159,2903 2219,2899 2279,2891 2339,2883 2399,2875 2459,2867 2519,2867 2671,2851 2679,2851 2739,2839 2799,2831 2859,2823 3254,2781 3314,2781"/>
                <Word id="line_1675772616448_2890_w1" custom="readingOrder {index:0;}">
                    <Coords points="709,3006 709,3066 1236,3066 1236,3006 709,3006"/>
                    <TextEquiv>
                        <Unicode>mimmn</Unicode>
                    </TextEquiv>
                </Word>
                <Word id="line_1675772616448_2890_w2" custom="readingOrder {index:1;}">
                    <Coords points="1310,2943 1310,3003 1621,3003 1621,2943 1310,2943"/>
                    <TextEquiv>
                        <Unicode>Ralbte</Unicode>
                    </TextEquiv>
                </Word>
                <Word id="line_1675772616448_2890_w3" custom="readingOrder {index:2;}">
                    <Coords points="1742,2893 1742,2953 1911,2953 1911,2893 1742,2893"/>
                    <TextEquiv>
                        <Unicode>ich</Unicode>
                    </TextEquiv>
                </Word>
                <Word id="line_1675772616448_2890_w4" custom="readingOrder {index:3;}">
                    <Coords points="2103,2844 2103,2904 2559,2904 2559,2844 2103,2844"/>
                    <TextEquiv>
                        <Unicode>Mhmuen</Unicode>
                    </TextEquiv>
                </Word>
                <Word id="line_1675772616448_2890_w5" custom="readingOrder {index:4;}">
                    <Coords points="2677,2806 2677,2866 2728,2866 2728,2806 2677,2806"/>
                    <TextEquiv>
                        <Unicode>mo</Unicode>
                    </TextEquiv>
                </Word>
                <Word id="line_1675772616448_2890_w6" custom="readingOrder {index:5;}">
                    <Coords points="3109,2753 3109,2813 3160,2813 3160,2753 3109,2753"/>
                    <TextEquiv>
                        <Unicode>1o</Unicode>
                    </TextEquiv>
                </Word>
                <TextEquiv>
                    <Unicode>nissen hab ich Ihnen nur zu</Unicode>
                </TextEquiv>
            </TextLine>
            <TextLine id="line_1675772645698_2907" custom="readingOrder {index:8;} person {offset:19; length:15;}">
                <Coords points="622,3279 3486,2941 3555,2795 2763,2952 2639,2861 1599,3050 647,3064"/>
                <Baseline points="643,3258 675,3254 735,3242 795,3234 855,3222 915,3214 975,3210 1035,3206 1095,3198 1155,3190 1215,3186 1275,3190 1367,3178 1403,3170 1463,3162 1523,3146 1583,3138 1643,3130 1703,3126 1763,3126 1823,3118 1883,3106 1943,3095 2003,3083 2063,3075 2123,3071 2183,3063 2243,3059 2387,3047 2443,3027 2503,3023 2563,3019 2623,3011 2683,3007 2743,3003 2803,2999 2863,2987 2911,2975 2951,2975 3011,2963 3071,2955 3130,2939 3190,2931 3250,2927 3310,2919 3370,2915 3430,2915 3490,2911 3550,2911"/>
                <Word id="line_1675772645698_2907_w1" custom="readingOrder {index:0;}">
                    <Coords points="677,3203 677,3263 775,3263 775,3203 677,3203"/>
                    <TextEquiv>
                        <Unicode>in</Unicode>
                    </TextEquiv>
                </Word>
                <Word id="line_1675772645698_2907_w2" custom="readingOrder {index:1;}">
                    <Coords points="910,3166 910,3226 1139,3226 1139,3166 910,3166"/>
                    <TextEquiv>
                        <Unicode>wah</Unicode>
                    </TextEquiv>
                </Word>
                <Word id="line_1675772645698_2907_w3" custom="readingOrder {index:2;}">
                    <Coords points="1507,3090 1507,3150 1769,3150 1769,3090 1507,3090"/>
                    <TextEquiv>
                        <Unicode>Sals</Unicode>
                    </TextEquiv>
                </Word>
                <Word id="line_1675772645698_2907_w4" custom="readingOrder {index:3;}">
                    <Coords points="1904,3034 1904,3094 2235,3094 2235,3034 1904,3034"/>
                    <TextEquiv>
                        <Unicode>tun</Unicode>
                    </TextEquiv>
                </Word>
                <Word id="line_1675772645698_2907_w5" custom="readingOrder {index:4;}">
                    <Coords points="2403,2970 2403,3030 2865,3030 2865,2970 2403,2970"/>
                    <TextEquiv>
                        <Unicode>helern</Unicode>
                    </TextEquiv>
                </Word>
                <Word id="line_1675772645698_2907_w6" custom="readingOrder {index:5;}">
                    <Coords points="3000,2920 3000,2980 3066,2980 3066,2920 3000,2920"/>
                    <TextEquiv>
                        <Unicode>Po</Unicode>
                    </TextEquiv>
                </Word>
                <TextEquiv>
                    <Unicode> melden, dass Frau Seiler-Willborn</Unicode>
                </TextEquiv>
            </TextLine>
            <TextLine id="line_1675772654278_2915" custom="readingOrder {index:9;}">
                <Coords points="709,3464 1323,3359 1483,3439 1959,3253 3457,3112 3471,2995 3228,2955 731,3301"/>
                <Baseline points="731,3422 755,3418 815,3406 875,3398 935,3390 995,3386 1055,3382 1115,3374 1175,3366 1235,3358 1295,3350 1355,3346 1415,3342 1475,3334 1535,3322 1595,3314 1655,3306 1715,3298 1775,3286 1835,3274 1895,3266 1955,3254 2015,3242 2075,3234 2135,3226 2195,3214 2255,3210 2315,3206 2743,3154 2795,3150 2855,3146 2915,3134 3166,3095 3190,3091 3250,3083 3310,3079 3409,3090 3469,3090"/>
                <Word id="line_1675772654278_2915_w1" custom="readingOrder {index:0;}">
                    <Coords points="792,3346 792,3406 1178,3406 1178,3346 792,3346"/>
                    <TextEquiv>
                        <Unicode>Rea</Unicode>
                    </TextEquiv>
                </Word>
                <Word id="line_1675772654278_2915_w2" custom="readingOrder {index:1;}">
                    <Coords points="1558,3216 1558,3276 2329,3276 2329,3216 1558,3216"/>
                    <TextEquiv>
                        <Unicode>mime</Unicode>
                    </TextEquiv>
                </Word>
                <Word id="line_1675772654278_2915_w3" custom="readingOrder {index:2;}">
                    <Coords points="2516,3118 2516,3178 2902,3178 2902,3118 2516,3118"/>
                    <TextEquiv>
                        <Unicode>goe</Unicode>
                    </TextEquiv>
                </Word>
                <Word id="line_1675772654278_2915_w4" custom="readingOrder {index:3;}">
                    <Coords points="3142,3055 3142,3115 3188,3115 3188,3055 3142,3055"/>
                    <TextEquiv>
                        <Unicode>1</Unicode>
                    </TextEquiv>
                </Word>
                <TextEquiv>
                    <Unicode>plötzlich gestorben ist, ferner dass</Unicode>
                </TextEquiv>
            </TextLine>
            <TextLine id="tr_1_tl_25" custom="readingOrder {index:10;} place {offset:7; length:5;}">
                <Coords points="618,3653 3286,3275 3257,3097 2832,3232 1661,3330 1196,3504 643,3482"/>
                <Baseline points="643,3634 699,3630 759,3618 819,3610 879,3598 939,3586 999,3578 1059,3570 1119,3566 1179,3558 1239,3542 1299,3534 1359,3526 1419,3522 1479,3518 1539,3510 1571,3494 1623,3490 1683,3482 1743,3470 1803,3466 1863,3454 1923,3446 1983,3438 2043,3422 2103,3414 2163,3402 2223,3390 2283,3382 2343,3370 2403,3362 2463,3350 2523,3342 2583,3330 2643,3322 2703,3314 2763,3310 2823,3302 2883,3290 2943,3278 3003,3270 3063,3258 3122,3254 3182,3250 3242,3246 3302,3238"/>
                <Word id="tr_1_tl_25_w1" custom="readingOrder {index:0;}">
                    <Coords points="758,3571 758,3631 858,3631 858,3571 758,3571"/>
                    <TextEquiv>
                        <Unicode>in</Unicode>
                    </TextEquiv>
                </Word>
                <Word id="tr_1_tl_25_w2" custom="readingOrder {index:1;}">
                    <Coords points="1015,3507 1015,3567 1423,3567 1423,3507 1015,3507"/>
                    <TextEquiv>
                        <Unicode>lie</Unicode>
                    </TextEquiv>
                </Word>
                <Word id="tr_1_tl_25_w3" custom="readingOrder {index:2;}">
                    <Coords points="1630,3437 1630,3497 1781,3497 1781,3437 1630,3437"/>
                    <TextEquiv>
                        <Unicode>i</Unicode>
                    </TextEquiv>
                </Word>
                <Word id="tr_1_tl_25_w4" custom="readingOrder {index:3;}">
                    <Coords points="2088,3318 2088,3378 2753,3378 2753,3318 2088,3318"/>
                    <TextEquiv>
                        <Unicode>men</Unicode>
                    </TextEquiv>
                </Word>
                <Word id="tr_1_tl_25_w5" custom="readingOrder {index:4;}">
                    <Coords points="2853,3245 2853,3305 2954,3305 2954,3245 2853,3245"/>
                    <TextEquiv>
                        <Unicode>1o</Unicode>
                    </TextEquiv>
                </Word>
                <TextEquiv>
                    <Unicode>man in Ischl nächstens Ihre</Unicode>
                </TextEquiv>
            </TextLine>
            <TextLine id="line_1675772671298_2927" custom="readingOrder {index:11;}">
                <Coords points="680,3791 1650,3744 1945,3606 2872,3511 3341,3402 3366,3250 2210,3501 1705,3508 1381,3664 705,3628"/>
                <Baseline points="699,3778 727,3778 787,3774 847,3770 907,3762 967,3758 1027,3750 1087,3742 1147,3730 1207,3722 1267,3722 1459,3686 1463,3686 1523,3674 1583,3666 1643,3654 1703,3646 1763,3638 1823,3622 1883,3610 1943,3598 2003,3590 2063,3582 2123,3570 2183,3562 2243,3554 2303,3554 2503,3526 2559,3514 2619,3502 2679,3498 2739,3490 3079,3406 3118,3390 3178,3378 3238,3374 3298,3370 3358,3374"/>
                <Word id="line_1675772671298_2927_w1" custom="readingOrder {index:0;}">
                    <Coords points="764,3706 764,3766 1342,3766 1342,3706 764,3706"/>
                    <TextEquiv>
                        <Unicode>nilaln</Unicode>
                    </TextEquiv>
                </Word>
                <Word id="line_1675772671298_2927_w2" custom="readingOrder {index:1;}">
                    <Coords points="1583,3554 1583,3614 2356,3614 2356,3554 1583,3554"/>
                    <TextEquiv>
                        <Unicode>mien</Unicode>
                    </TextEquiv>
                </Word>
                <Word id="line_1675772671298_2927_w3" custom="readingOrder {index:2;}">
                    <Coords points="2550,3465 2550,3525 2650,3525 2650,3465 2550,3465"/>
                    <TextEquiv>
                        <Unicode>io</Unicode>
                    </TextEquiv>
                </Word>
                <Word id="line_1675772671298_2927_w4" custom="readingOrder {index:3;}">
                    <Coords points="2986,3370 2986,3430 3134,3430 3134,3370 2986,3370"/>
                    <TextEquiv>
                        <Unicode>1e</Unicode>
                    </TextEquiv>
                </Word>
                <TextEquiv>
                    <Unicode>»Liebelei« aufführen wird, doch</Unicode>
                </TextEquiv>
            </TextLine>
            <TextLine id="line_1675772678677_2933" custom="readingOrder {index:12;}">
                <Coords points="705,3977 956,4038 2196,3730 3079,3639 3351,3584 3377,3450 734,3806"/>
                <Baseline points="727,3966 767,3962 827,3946 887,3938 947,3938 1007,3930 1067,3926 1127,3918 1187,3906 1247,3898 1307,3886 1367,3882 1427,3874 1487,3866 1547,3854 1607,3842 1667,3830 1727,3818 1787,3810 1847,3802 1907,3786 1967,3782 2027,3770 2087,3754 2147,3738 2207,3730 2483,3666 2495,3666 2555,3658 2615,3650 2675,3646 2735,3646 2795,3638 2855,3626 2915,3614 2975,3594 3035,3590 3095,3574 3154,3566 3308,3564 3368,3560"/>
                <Word id="line_1675772678677_2933_w1" custom="readingOrder {index:0;}">
                    <Coords points="842,3843 842,3903 1847,3903 1847,3843 842,3843"/>
                    <TextEquiv>
                        <Unicode>mimich</Unicode>
                    </TextEquiv>
                </Word>
                <Word id="line_1675772678677_2933_w2" custom="readingOrder {index:1;}">
                    <Coords points="2916,3550 2916,3610 3147,3610 3147,3550 2916,3550"/>
                    <TextEquiv>
                        <Unicode>1e</Unicode>
                    </TextEquiv>
                </Word>
                <TextEquiv>
                    <Unicode>dürfte sie weder der eine noch</Unicode>
                </TextEquiv>
            </TextLine>
            <TextLine id="line_1675772684855_2939" custom="readingOrder {index:13;}">
                <Coords points="691,4148 1730,3988 1970,4053 2388,3849 3519,3748 3533,3591 2995,3620 1240,4009 716,4002"/>
                <Baseline points="715,4134 747,4134 807,4130 867,4126 887,4122 915,4122 975,4118 1035,4114 1095,4106 1155,4098 1215,4090 1275,4078 1335,4066 1395,4054 1455,4050 1515,4038 1711,3990 1731,3986 1791,3974 1851,3962 1911,3950 1971,3938 2031,3934 2091,3918 2151,3906 2211,3890 2271,3874 2331,3866 2391,3850 2451,3842 2511,3834 2571,3830 2631,3822 2691,3814 2751,3806 2811,3794 2871,3790 2931,3786 2991,3778 3051,3770 3110,3762 3170,3750 3230,3742 3290,3730 3350,3726 3410,3722 3470,3722 3530,3726"/>
                <Word id="line_1675772684855_2939_w1" custom="readingOrder {index:0;}">
                    <Coords points="785,4088 785,4148 889,4148 889,4088 785,4088"/>
                    <TextEquiv>
                        <Unicode>n</Unicode>
                    </TextEquiv>
                </Word>
                <Word id="line_1675772684855_2939_w2" custom="readingOrder {index:1;}">
                    <Coords points="1103,4035 1103,4095 1474,4095 1474,4035 1103,4035"/>
                    <TextEquiv>
                        <Unicode>sih</Unicode>
                    </TextEquiv>
                </Word>
                <Word id="line_1675772684855_2939_w3" custom="readingOrder {index:2;}">
                    <Coords points="1688,3833 1688,3893 2858,3893 2858,3833 1688,3833"/>
                    <TextEquiv>
                        <Unicode>misenoee</Unicode>
                    </TextEquiv>
                </Word>
                <Word id="line_1675772684855_2939_w4" custom="readingOrder {index:3;}">
                    <Coords points="3073,3719 3073,3779 3177,3779 3177,3719 3073,3719"/>
                    <TextEquiv>
                        <Unicode>o</Unicode>
                    </TextEquiv>
                </Word>
                <TextEquiv>
                    <Unicode>der andere Unglücksfall zu sehr</Unicode>
                </TextEquiv>
            </TextLine>
            <TextLine id="line_1675772690565_2945" custom="readingOrder {index:14;} date {offset:20; length:7;}">
                <Coords points="676,4369 1908,4238 2803,4006 3137,4042 3468,3955 3501,3780 702,4217"/>
                <Baseline points="699,4354 715,4354 775,4346 835,4334 895,4326 955,4318 1015,4310 1075,4306 1135,4294 1195,4286 1255,4278 1315,4270 1375,4258 1435,4250 1495,4242 1555,4238 1615,4230 1675,4222 1735,4202 1795,4194 1855,4178 1863,4174 1867,4174 1927,4162 1987,4146 2047,4134 2107,4126 2167,4110 2227,4102 2287,4090 2347,4078 2407,4070 2467,4058 2527,4050 2543,4034 2587,4034 2647,4018 2707,4006 2767,3998 2827,3990 2887,3978 2947,3970 3007,3962 3067,3950 3126,3938 3186,3934 3246,3922 3306,3914 3366,3906 3426,3902 3486,3898"/>
                <Word id="line_1675772690565_2945_w1" custom="readingOrder {index:0;}">
                    <Coords points="883,4185 883,4245 2408,4245 2408,4185 883,4185"/>
                    <TextEquiv>
                        <Unicode>nlihn</Unicode>
                    </TextEquiv>
                </Word>
                <TextEquiv>
                    <Unicode>erschüttern. Diesen Sonntag bin</Unicode>
                </TextEquiv>
            </TextLine>
            <TextLine id="tr_1_tl_35" custom="readingOrder {index:15;} place {offset:7; length:5;}">
                <Coords points="672,4562 1701,4402 1927,4467 2290,4293 3471,4173 3497,4024 694,4417"/>
                <Baseline points="695,4538 727,4534 787,4522 847,4510 907,4502 967,4498 1027,4486 1087,4470 1147,4458 1207,4450 1267,4446 1327,4442 1387,4430 1447,4426 1507,4418 1567,4410 1627,4402 1687,4394 1747,4386 1807,4382 1867,4374 1927,4358 1987,4346 2047,4330 2107,4318 2167,4306 2227,4294 2287,4286 2347,4278 2407,4270 2467,4258 2527,4254 2587,4246 2647,4234 2707,4230 2767,4214 2827,4198 2887,4190 2947,4174 3007,4166 3067,4162 3126,4150 3186,4142 3246,4130 3306,4126 3366,4118 3426,4114 3486,4110"/>
                <Word id="tr_1_tl_35_w1" custom="readingOrder {index:0;}">
                    <Coords points="756,4457 756,4517 1187,4517 1187,4457 756,4457"/>
                    <TextEquiv>
                        <Unicode>im</Unicode>
                    </TextEquiv>
                </Word>
                <Word id="tr_1_tl_35_w2" custom="readingOrder {index:1;}">
                    <Coords points="1382,4369 1382,4429 1765,4429 1765,4369 1382,4369"/>
                    <TextEquiv>
                        <Unicode>mat</Unicode>
                    </TextEquiv>
                </Word>
                <Word id="tr_1_tl_35_w3" custom="readingOrder {index:2;}">
                    <Coords points="1960,4251 1960,4311 2538,4311 2538,4251 1960,4251"/>
                    <TextEquiv>
                        <Unicode>ziee</Unicode>
                    </TextEquiv>
                </Word>
                <Word id="tr_1_tl_35_w4" custom="readingOrder {index:3;}">
                    <Coords points="2733,4164 2733,4224 2875,4224 2875,4164 2733,4164"/>
                    <TextEquiv>
                        <Unicode>Po</Unicode>
                    </TextEquiv>
                </Word>
                <TextEquiv>
                    <Unicode>ich in Ischl gewesen, vielmehr</Unicode>
                </TextEquiv>
            </TextLine>
            <TextLine id="line_1675772696758_2951" custom="readingOrder {index:16;} place {offset:3; length:6;}">
                <Coords points="698,4791 1305,4624 3311,4406 3344,4195 727,4591"/>
                <Baseline points="723,4771 767,4759 887,4702 947,4690 1007,4674 1067,4658 1127,4650 1187,4638 1247,4630 1307,4622 1367,4618 1427,4614 1487,4606 1547,4606 1607,4602 1667,4602 1727,4590 1799,4570 1815,4570 1875,4550 1935,4538 1995,4530 2055,4518 2115,4510 2175,4498 2235,4494 2295,4490 2355,4478 2415,4466 2475,4454 2535,4442 2595,4430 2655,4426 2715,4422 2775,4418 2835,4406 2895,4390 2955,4378 3015,4362 3273,4336 3332,4328"/>
                <Word id="line_1675772696758_2951_w1" custom="readingOrder {index:0;}">
                    <Coords points="927,4536 927,4596 2625,4596 2625,4536 927,4536"/>
                    <TextEquiv>
                        <Unicode>ime1o</Unicode>
                    </TextEquiv>
                </Word>
                <TextEquiv>
                    <Unicode>in Aussee, denn ich fuhr</Unicode>
                </TextEquiv>
            </TextLine>
            <TextLine id="line_1675772703575_2959" custom="readingOrder {index:17;} person {offset:28; length:2;}">
                <Coords points="669,5049 1301,4824 2686,4609 3355,4646 3388,4446 2704,4431 712,4780"/>
                <Baseline points="707,4942 723,4942 783,4922 843,4914 903,4898 963,4882 1023,4870 1083,4858 1143,4846 1203,4838 1263,4826 1323,4814 1383,4806 1443,4794 1503,4790 1563,4782 1623,4766 1875,4738 1879,4738 1939,4726 1999,4714 2059,4706 2119,4702 2391,4662 2423,4654 2483,4638 2543,4630 2603,4618 2663,4610 2723,4606 2783,4598 2843,4594 2903,4582 2963,4570 3023,4558 3083,4554 3142,4546 3202,4542 3262,4538 3322,4534 3382,4538"/>
                <Word id="line_1675772703575_2959_w1" custom="readingOrder {index:0;}">
                    <Coords points="750,4801 750,4861 1600,4861 1600,4801 750,4801"/>
                    <TextEquiv>
                        <Unicode>neimh</Unicode>
                    </TextEquiv>
                </Word>
                <Word id="line_1675772703575_2959_w2" custom="readingOrder {index:1;}">
                    <Coords points="1790,4683 1790,4743 2117,4743 2117,4683 1790,4683"/>
                    <TextEquiv>
                        <Unicode>tie</Unicode>
                    </TextEquiv>
                </Word>
                <Word id="line_1675772703575_2959_w3" custom="readingOrder {index:2;}">
                    <Coords points="2306,4606 2306,4666 2594,4666 2594,4606 2306,4606"/>
                    <TextEquiv>
                        <Unicode>mih</Unicode>
                    </TextEquiv>
                </Word>
                <Word id="line_1675772703575_2959_w4" custom="readingOrder {index:3;}">
                    <Coords points="2731,4558 2731,4618 2829,4618 2829,4558 2731,4558"/>
                    <TextEquiv>
                        <Unicode>1o</Unicode>
                    </TextEquiv>
                </Word>
                <TextEquiv>
                    <Unicode>gleich in der Früh mit Frl. M.</Unicode>
                </TextEquiv>
            </TextLine>
            <TextEquiv>
                <Unicode>Wien, den 21. Juli&#13;
Lieber Arthur, in dieser Welt geht&#13;
garnichts vor, und es ist ganz gleich¬&#13;
giltig, ob man jetzt in Iglau lebt&#13;
oder auf dem Nordcap ist.&#13;
Auf dem Nordcap ist's besser, da&#13;
ist das Ganze. Von grossen Ereig¬&#13;
nissen hab ich Ihnen nur zu&#13;
 melden, dass Frau Seiler-Willborn&#13;
plötzlich gestorben ist, ferner dass&#13;
man in Ischl nächstens Ihre&#13;
»Liebelei« aufführen wird, doch&#13;
dürfte sie weder der eine noch&#13;
der andere Unglücksfall zu sehr&#13;
erschüttern. Diesen Sonntag bin&#13;
ich in Ischl gewesen, vielmehr&#13;
in Aussee, denn ich fuhr&#13;
gleich in der Früh mit Frl. M.</Unicode>
            </TextEquiv>
        </TextRegion>
    </Page>
</PcGts>
