3401 5899
1752 1239 2154 1299 Schl,
2184 1239 2294 1299 1.
2325 1239 2616 1299 Ag.
2646 1232 2856 1292 ge.

591 1986 908 2046 Lieber
977 1975 1441 2035 Arthur,
1476 1975 1553 2035 sie
1647 1963 2224 2023 Pischkarte,
2258 1949 2515 2009 weelche
2594 1931 2964 1991 Ihnten,

588 2131 777 2191 vom
877 2119 1355 2179 Schlesungero
1476 2099 1630 2159 aus
1721 2087 2222 2147 zukan,
2250 2063 2546 2123 kann
2653 2035 2856 2095 auch

565 2270 733 2330 als
818 2239 1331 2299 Doeunent,
1359 2231 1492 2291 für
1590 2219 1668 2279 Sie
1752 2204 2250 2264 langeweile
2342 2175 2721 2235 gelten,
2749 2155 2911 2215 mit

551 2394 755 2454 der
867 2367 1087 2427 man
1185 2349 1354 2409 hier
1481 2336 1679 2396 seine
1792 2323 1911 2383 Zeit
2053 2290 2730 2350 hmbringt.
2758 2279 2864 2339 Ich

566 2507 917 2567 sohe
1043 2482 1215 2542 mit
1365 2462 1496 2522 den
1591 2444 1948 2504 Madeln
2043 2428 2193 2488 auf
2318 2403 2574 2463 einers
2634 2391 2985 2451 ang,

563 2627 803 2687 sas
902 2613 1185 2673 einge
1306 2564 1901 2624 Anmnaherung
2035 2522 2779 2582 undermeidlich

539 2754 793 2814 sich
926 2727 1072 2787 sich
1173 2688 1545 2748 getracht
1677 2664 1854 2724 hät
2048 2646 2280 2706 F5l.
2311 2631 2512 2691 Mo.
2544 2621 2760 2681 und

548 2890 678 2950 ich
810 2860 1071 2920 sthen
1193 2808 1538 2868 geradesn
1660 2791 1679 2851 zu
1848 2747 2436 2807 einander,
2474 2737 2604 2797 sie
2689 2720 2791 2780 im

567 2999 1035 3059 nunn,
1078 2965 1208 3025 die
1306 2915 1729 2975 Radloss
1839 2869 2197 2929 Innte
2295 2839 2524 2899 noch
2632 2816 2903 2876 nicht

554 3104 1455 3164 Reentamdmmmenn
1538 3020 1984 3080 weiden,
2039 2975 2274 3035 weil
2400 2944 2552 3004 Ihr
2621 2937 2648 2997 So
2802 2939 2940 2999 juh

531 3251 801 3311 nisech
907 3214 1156 3274 weter
1241 3175 1576 3235 memst
1679 3145 1723 3205 o
1973 3098 2222 3158 mir
2328 3043 2912 3103 Aofadn,

538 3379 815 3439 nisie
1001 3327 1247 3387 mich
1403 3292 1463 3352 e
1588 3233 2081 3293 memiehs
2176 3171 2734 3231 wo,

549 3475 911 3535 ewaat
1010 3430 1192 3490 wis
1271 3406 1393 3466 ichs
1492 3376 1613 3436 is
1693 3332 2256 3392 Metekherze
2335 3298 2437 3358 1in
2516 3271 2598 3331 Po
2819 3255 2839 3315 d

571 3582 966 3642 inann
1118 3535 1251 3595 Sis
1338 3504 1513 3564 im
1602 3468 1820 3528 mich
1975 3432 2193 3492 1o.
2261 3420 2305 3480 mi
2588 3379 2787 3439 GCai

554 3692 921 3752 sihnen
997 3640 1457 3700 Snalt,
1502 3594 1717 3654 mie
1793 3561 2023 3621 auch
2145 3535 2299 3595 das
2405 3516 2420 3576 M
2620 3490 2865 3550 sechle

549 3865 587 3925 i
662 3814 1155 3874 mindl.
1213 3751 1345 3811 Sis
1420 3715 1762 3775 mmer
1896 3681 2046 3741 den
2161 3626 2729 3686 Helieriner
2826 3615 2863 3675 mi

557 3939 796 3999 nind
933 3902 1104 3962 linf
1205 3864 1513 3924 meime
1633 3806 2076 3866 Vesenlaf
2179 3756 2384 3816 of
2555 3730 2914 3790 Ak,

534 4057 725 4117 is
832 4009 1214 4069 mads
1351 3948 1840 4008 mimse
2031 3891 2085 3951 Mi
2493 3844 2792 3904 Hodle

528 4120 1418 4180 ismhalt,
1507 4054 1678 4114 il
1792 4022 1939 4082 is
2081 3988 2284 4048 ir
2398 3949 2862 4009 orele,

534 4261 821 4321 mindt
927 4234 963 4294 i
1072 4202 1358 4262 Gelel
1447 4156 1663 4216 dum
1825 4130 2112 4190 Bain
2200 4079 2792 4139 Havo,

581 4367 881 4427 mien
986 4314 1407 4374 beraicht
1587 4252 2113 4312 himaster
2234 4202 2503 4262 Disss
2609 4167 2760 4227 foh

573 4498 829 4558 ninit
927 4455 1007 4515 ih
1105 4422 1323 4482 hal
1420 4390 1540 4450 ich
1679 4340 2192 4400 vieekleicht
2329 4293 2725 4353 Mife

635 4587 1059 4647 inann
1198 4528 1428 4588 mas
1539 4502 1623 4562 ses
1737 4472 1908 4532 is
1991 4437 2304 4497 mie
2443 4393 2868 4453 woie

569 4683 1272 4743 some.
1312 4633 1704 4693 Grüßen
1840 4589 1961 4649 Sie
2097 4541 2555 4601 Richard
2705 4518 2893 4578 mir

600 4836 1097 4896 Uiant,
1140 4796 1335 4856 mid
1551 4725 1941 4785 mmer
2029 4685 2267 4745 sen
2398 4656 2419 4716 1
2593 4631 2958 4691 1ol¬

600 4990 623 5050 vo
894 4918 1412 4978 geimann

1729 4858 2280 4918 Herzlichst
2401 4830 2556 4890 Ir

2594 4941 2920 5001 Salten
