4351 7086
2245 1270 3849 1644 Wien, am 6. Nov. 1896.
1084 2405 1567 2465 Lieber
1696 2373 2374 2433 Freund,
2427 2364 2557 2424 ich
2649 2339 2856 2399 hab
3039 2307 3183 2367 ie
3300 2266 3652 2326 meih

997 2620 1474 2680 Abreße
1593 2563 2214 2623 bischfelds
2344 2519 2894 2579 verlegf,
2941 2480 3084 2540 Sie
3155 2448 3406 2508 mid

1031 2800 1250 2860 nie
1383 2776 1412 2836 so
1558 2723 2234 2783 breundt,
2292 2696 2513 2756 und
2691 2653 3072 2713 haßen
3233 2598 3527 2658 Tan

1061 2982 1228 3042 ioch
1367 2922 2117 2982 Bellungen,
2164 2881 2286 2941 wie
2409 2844 2561 2904 ich
2730 2827 3006 2887 eben
3160 2757 3819 2817 absanne

1059 3138 1748 3198 Rerahen.
1818 3088 1865 3148 Wi
2102 3051 2149 3111 vi
2553 2992 3005 3052 Beüter
3172 2938 3432 2998 wir
3549 2899 3740 2959 hol

1105 3333 1457 3393 miich
1573 3247 2333 3307 waten,
2449 3210 2507 3270 i
2800 3129 3152 3189 hale
3329 3084 3387 3144 1o

1132 3484 1790 3544 niih
1992 3383 2300 3443 miht
2503 3330 2755 3390 ien
2908 3292 3007 3352 Ao

1071 3693 1462 3753 min
1557 3624 1894 3684 könen
2026 3530 2775 3590 Afol,

2702 3689 3287 3749 Herzlich,
3334 3785 3364 3845 I

3089 3986 3563 4046 Salten
