4744 6409
2236 783 3752 877 Iselsberg, 18. VIII. 93.
720 1211 4112 1365 Lieber Freund! heute sandte ich Ihnen
504 1439 4292 1589 ein Telegramm und habe Ihnen noch die
460 1687 4324 1829 Leidensgeschichte meines Rades zu erzählen.
472 1935 4004 2021 Mein Rad kam schon vom Eisenbahn¬
464 2123 4140 2245 transporte nicht ganz wol an, die Glocke
480 2339 4352 2457 war abgeschraubt, ein Pedal verbogen, zudem
448 2543 4284 2681 hat es der Schnellzug nicht mitgenommen,
448 2755 4076 2857 es wurde mir von Wien per Postzug nachge¬
492 2963 4144 3085 schickt, und man hatte überdies vergessen,
528 3147 4200 3309 es in Dölsach auszuladen, es fuhr bis Inn.,
564 3379 4188 3501 stand da einen Tag, und wer weiß, wer
600 3563 4060 3725 sich dort mit ihm spielte. Allein die
668 3779 3972 3921 Tour von Toblach nach Cortina ging
876 4015 4208 4133 recht gut vor sich, auch zurück. Da ich noch
720 4251 4272 4389 Vormittag wieder aus Cortina in Toblach ankam,
820 4471 4184 4625 und bis ½ 8 auf den Zug nach Dölsach hätte
780 4735 3932 4869 warten müssen, und mir überdies die
996 4951 4136 5113 Strasse von Toblach hinunter nach Lienz
988 5183 4136 5349 als vortrefflich geschildert wurde, entschloß
864 5503 4112 5605 ich mich weiterzufahren. Nun war es hier
