3983 5377
2253 1364 2957 1424 Mntag,
2985 1356 3171 1416 N.
3208 1361 3217 1421 1

660 2108 1178 2168 Lieber
1323 2072 1956 2132 Arthur,
2015 2074 2044 2134 so
2288 2072 2533 2132 wiel
2721 2083 2879 2143 ich
3039 2094 3196 2154 zut

600 2309 1151 2369 sagenn
1221 2276 1761 2336 haltes,
1807 2284 1831 2344 so
2007 2275 2430 2335 wenig
2640 2264 2958 2324 habe
3109 2251 3262 2311 ich

596 2500 615 2560 ja
952 2448 1897 2508 sahrlikesar,
1936 2456 2178 2516 sol
2389 2456 2572 2516 jas
2727 2440 2910 2500 Siea
3026 2430 3469 2490 RAblals

628 2635 1110 2695 Wor,
1157 2644 1168 2704 s
1410 2641 1868 2701 wiel,
1915 2642 2214 2702 dass
2340 2628 2444 2688 es
2627 2612 2938 2672 mir
3064 2604 3294 2664 leid

625 2818 914 2878 lich
1114 2824 1641 2884 geht,
1682 2824 1991 2884 dass
2131 2824 2260 2884 ich
2479 2804 3058 2864 einnargas

594 3028 1480 3088 Arbeile,
1521 2998 1796 3058 unnt
2010 2996 2204 3056 ie
2417 2968 2876 3028 vint,
2917 2970 2947 3030 da

611 3206 1198 3266 aufs,
1246 3186 1598 3246 kasnd
1858 3138 2551 3198 Nare,
2598 3128 2868 3188 Noa
3080 3105 3422 3165 Bnzo

619 3402 1038 3462 Alse
1175 3404 1406 3464 sche
1585 3373 1974 3433 geen,
2016 3324 2867 3384 Nalaariesal
2992 3304 3413 3364 seleonie

633 3588 1116 3648 Reaefe
1278 3565 2013 3625 gehaht,
2059 3549 2334 3609 und
2451 3524 2820 3584 habe
2934 3512 3303 3572 ine

631 3800 945 3860 Was
1097 3784 1526 3844 zwaecle
1689 3732 2207 3792 Haßt,
2257 3727 2471 3787 das
2661 3701 3039 3761 Tahh

685 4037 1726 4097 geandlt,
1769 3980 2355 4040 welahes
2550 3940 3168 4000 saanach
