3980 6002
1926 1202 2465 1262 Paris,
2520 1198 2761 1258 22.
2836 1199 3318 1259 März.

1117 1866 1446 1926 Mein
1743 1858 2102 1918 lieber
2353 1844 2994 1904 Freund,

915 2284 1198 2344 Hab’
1258 2282 1722 2342 Geduld
1945 2278 2207 2338 mit
2429 2276 2914 2336 mir.
2994 2276 3136 2336 Du

709 2526 976 2586 haſt
1161 2524 1549 2584 ſie,
1610 2515 1836 2575 und
2042 2503 2207 2563 ich
2349 2495 2514 2555 bin
2739 2488 2881 2548 die
3128 2489 3333 2549 von

686 2754 1141 2814 Herzen
1489 2719 2075 2779 dankbar
2357 2704 2943 2764 dafür.
3031 2715 3312 2775 Das

700 2944 819 3004 iſt
940 2948 1045 3008 ein
1255 2943 1555 3003 toller
1810 2923 2274 2983 Arbeits
2485 2913 3534 2973 -Monat.

775 3195 862 3255 Es
988 3176 1431 3236 regückt
1644 3150 2070 3210 Arbeit
2300 3135 2548 3195 alle
2706 3130 3327 3190 Winde

728 3384 1197 3444 wehen
1442 3380 1911 3440 Arbeit
2115 3360 2768 3420 einher.
2829 3356 2992 3416 Ich

666 3628 1121 3688 ſchreibe
1296 3616 1861 3676 Artikel
2058 3597 2341 3657 jeder
2470 3588 2710 3648 Art
2949 3584 3211 3644 über

872 3837 1260 3897 Gott
1395 3812 1667 3872 und
1901 3801 2036 3861 die
2269 3798 2657 3858 Welt
2910 3794 3259 3854 und

867 4031 1797 4091 Sonſtiges.
1897 4011 2336 4071 Sonſt
2485 4008 3169 4068 komme
3269 4012 3414 4072 ich

843 4277 905 4337 zu
1154 4260 1796 4320 nichts.
1878 4254 2147 4314 Jede
2314 4256 2789 4316 Woche
2935 4265 3618 4325 beginne

696 4526 869 4586 ich
1011 4492 1361 4552 mit
1534 4468 1711 4528 dem
2062 4459 2900 4519 Vorſatz.
2969 4481 3388 4541 Nun

672 4698 1240 4758 werde
1484 4683 1634 4743 ich
1808 4676 1979 4736 ihm
2349 4680 3237 4740 ſchreiben.

822 4901 980 4961 Ihm
1300 4893 1572 4953 biſt
1797 4878 2592 4938 natürlich
2886 4874 3226 4934 Du.

779 5116 1078 5176 Und
1264 5112 1397 5172 die
1564 5108 1977 5168 Wahe
2200 5107 2537 5167 geht
2725 5117 3306 5177 vorüber

763 5360 1088 5420 und
1290 5350 1414 5410 ich
1590 5342 1866 5402 habe
2043 5336 2368 5396 nicht
2542 5356 3497 5416 geſchrieben
