3968 5846
769 818 1104 878 weiß
1299 814 1483 874 doch
1558 823 2423 883 wenigſtens,
2736 818 3367 878 wozu

888 1017 1170 1077 auf
1254 1027 1424 1087 der
1668 1036 2035 1096 Welt
2110 1038 2242 1098 iſt
2430 1038 2646 1098 und
2768 1038 3342 1098 verliert

486 1262 721 1322 ſich
855 1262 1128 1322 nicht
1226 1263 1473 1323 mehr
1571 1261 1971 1321 ins
2097 1264 2985 1324 Bodenloſe,
3022 1278 3285 1338 wie

410 1468 770 1528 beim
913 1470 1466 1530 Aufſuchen
1517 1470 1533 1530 P
1704 1466 1999 1526 der
2121 1479 2589 1539 neuen
2712 1480 3368 1540 Künſte«,

475 1698 707 1758 und
791 1678 993 1738 der
1099 1670 1522 1730 neuen
1744 1691 2644 1751 Wahrheiten.
2740 1695 2845 1755 Es
2930 1684 3195 1744 gibt

385 1895 724 1955 eben
808 1891 909 1951 in
1037 1890 1764 1950 Wirklichkeit
1993 1894 2527 1954 nirgends
2628 1893 2646 1953 d
2848 1890 3078 1950 und

406 2114 988 2174 niemals
1069 2116 1539 2176 etwas
1702 2118 2294 2178 Neues,
2334 2113 2559 2173 und
2764 2098 2989 2158 das

420 2329 1127 2389 Einzige,
1258 2330 1618 2390 wzu
1760 2327 2064 2387 wir
2260 2326 2936 2386 Menſchen

476 2554 874 2614 fährg
975 2548 1353 2608 ſind,
1404 2542 1649 2602 iſt,
1690 2539 1864 2599 daß
2047 2534 2323 2594 wir
2485 2532 3017 2592 imner

509 2760 753 2820 das
890 2744 1105 2804 Alte
1271 2758 2376 2818 wiedererdeben,
2512 2761 2669 2821 als

554 2963 1476 3023 Indwidunn
1601 2970 1863 3030 wie
1951 2965 2099 3025 als
2274 2957 2860 3017 Völkters

448 3174 781 3234 Wir
852 3188 1140 3248 leben
1238 3194 1517 3254 ewig
1615 3194 1706 3254 in
1759 3194 1876 3254 der
2065 3190 3115 3250 Vergangenheit,

449 3398 683 3458 in
811 3417 1364 3477 »Leben,
1490 3420 1744 3480 wie
1799 3418 1880 3478 es
1971 3415 2188 3475 iſt«
2361 3409 2560 3469 und
2714 3406 2986 3466 eine

516 3624 1888 3684 Sinnes-Täuſchung
1993 3627 2307 3687 zeigt
2443 3621 2684 3681 uns
2810 3614 3030 3674 den

471 3837 1071 3897 Ausblick
1290 3833 1472 3893 auf
1568 3835 1768 3895 das
1863 3842 2473 3902 »Leben,
2520 3842 2768 3902 wie
2892 3835 2987 3895 es

458 4053 779 4113 ſein
858 4044 1293 4104 ſollte«
1423 4042 1753 4102 (wie
1823 4044 1910 4104 es
1988 4045 2240 4105 aber
2449 4045 3093 4105 niemals

511 4276 859 4336 ſein
939 4262 1400 4322 wird),
1467 4257 1558 4317 da
1692 4256 1917 4316 auf
1996 4256 2143 4316 die
2266 4262 3347 4322 Zukunft....

914 4500 1202 4560 an
1276 4497 1909 4557 Sommer?
2067 4489 2336 4549 Wie
2401 4486 2727 4546 gern
2894 4492 3321 4552 möchte

520 4694 727 4754 ich
809 4705 1029 4765 Dich
1132 4716 2127 4776 wiederſehen!
2267 4710 2510 4770 Aber
2615 4708 2730 4768 ich
2799 4708 3297 4768 weiß,

519 4924 786 4984 zur
875 4920 1258 4980 Stunde
1399 4920 1590 4980 noch
1653 4920 2062 4980 nicht,
2150 4924 2457 4984 wie
2622 4926 2853 4986 ſich
2941 4928 3451 4988 gewiße

463 5118 887 5178 Dinge
929 5132 1470 5192 geſtalten
1630 5140 2246 5200 werden,
2289 5139 2628 5199 welche
2713 5133 3169 5193 meine

447 5329 1105 5389 Redaction
1228 5327 1959 5387 projectirt,
2050 5316 2233 5376 Sei
2314 5316 2527 5376 von
2599 5328 2984 5388 Herzen
3095 5385 3602 5445 gegrüßte,

273 5489 547 5549 Viele
605 5498 871 5558 Große
953 5498 1057 5558 an
1108 5496 1337 5556 denm
1440 5497 1965 5557 Freunder!
2186 5479 2514 5539 Dein
2626 5498 2948 5558 treuer
3031 5513 3164 5573 Paul
3220 5528 3632 5588 Golman
