3946 5814
476 800 784 860 ihren
1070 800 1665 860 Augen.
1733 797 1842 857 Au
2172 790 2414 850 Oder
2679 789 3031 849 auch
3164 794 3342 854 iſt

505 995 670 1055 die
818 1003 1130 1063 Sache
1340 1002 1547 1062 ve
1839 1000 2612 1060 Altenberg
2736 1033 3615 1093 gekommen,

615 1185 867 1245 mit
1079 1210 1583 1270 wlchem
2008 1224 2126 1284 die
2337 1224 2900 1284 große

506 1432 1293 1492 Kritikerin
1611 1432 1650 1492 im
2100 1450 3150 1510 Briefwechſel

449 1659 885 1719 ſteht,
958 1669 1226 1729 ſeit
1445 1664 1638 1724 ſie
1762 1656 1906 1716 ihr
2198 1645 2394 1705 als
2635 1649 3123 1709 Dichter

508 1870 1202 1930 gekröns
1396 1862 1832 1922 hat.
1897 1860 2069 1920 Ich
2201 1862 2351 1922 bin
2612 1866 3350 1926 machtlos

483 2091 857 2151 gegen
1192 2086 1547 2146 ſolhe
1821 2090 2631 2150 Dinge,
2728 2091 3161 2151 kann

457 2305 754 2365 nir
1072 2294 1745 2354 hinterher
2163 2288 3154 2348 wathend

491 2542 675 2602 ſein
928 2518 1214 2578 und
1417 2502 1787 2562 kann
2207 2498 2544 2558 nicht
2680 2512 3520 2572 einmal

505 2724 851 2784 einer
1137 2720 2301 2780 Wiederhölung
2526 2745 3607 2805 vorbengen.

1279 2943 1548 3003 Mit
1742 2948 2149 3008 großer
2476 2958 3366 3018 Thednahme

547 3174 816 3234 habe
932 3176 1046 3236 ich
1277 3174 1393 3234 die
1585 3168 2046 3228 Stizze
2276 3158 2488 3218 von
2775 3152 3257 3212 Deinem

495 3380 1282 3440 Tagewerk
1575 3372 2340 3432 geleſen,
2430 3358 2589 3418 die
2882 3356 2994 3416 Du

490 3591 705 3651 mir
966 3584 1724 3644 entworfen
2050 3590 2526 3650 haſt.
2590 3586 2829 3646 Daß
3004 3573 3284 3633 auch

432 3807 527 3867 Du
741 3810 935 3870 von
1220 3802 1964 3862 körperlichen
2276 3801 2684 3861 Leilen
2946 3836 3401 3896 geplag

481 4014 893 4074 biſt,
961 4022 1120 4082 iſt
1282 4026 1626 4086 recht
1785 4024 2518 4084 garſtig.
2586 4022 3001 4082 Soviel
3160 4022 3296 4082 ich

515 4230 678 4290 von
1008 4233 1442 4293 Medcim
1682 4242 2474 4302 verſtehe,
2548 4244 2878 4304 will
3147 4237 3401 4297 mir

681 4451 1083 4511 freilich
1217 4446 1327 4506 ein
1572 4443 2173 4503 Ohren.
2242 4444 2844 4504 Katarech
3066 4453 3399 4513 nicht

544 4686 1000 4746 ſchlimem
1365 4672 2386 4732 erſcheinen.
2440 4672 2679 4732 Wer
2842 4679 3207 4739 weiß

577 4894 655 4954 ob
852 4892 950 4952 Du
1167 4892 1287 4952 ihn
1582 4894 2234 4954 überhaupt
2431 4896 3061 4956 entdeckt
3168 4927 3242 4987 Ee
