3974 5846
1977 1052 2500 1112 Paris,
2558 1048 2672 1108 2.
2729 1047 3060 1107 März

1101 1467 1569 1527 Mein
1645 1490 1970 1550 lieber
2037 1491 2553 1551 Freund,

788 1914 958 1974 Ich
1012 1910 1332 1970 ſchicke
1483 1908 1696 1968 Dir
1856 1908 2315 1968 Herzls
2434 1910 3150 1970 Feuilleton

676 2134 1302 2194 zurück.
1362 2134 1458 2194 Es
1615 2134 1772 2194 hat
1952 2135 2145 2195 mich
2265 2136 2506 2196 recht
2675 2134 2940 2194 recht
3108 2130 3325 2190 ſehr

659 2341 1304 2401 ameſirt.
1522 2357 2331 2417 Mißgnnſt,
2396 2360 2855 2420 welche
2986 2349 3216 2409 von

621 2565 1583 2625 Unverſtändniß
1715 2574 1805 2634 ſo
1948 2567 2489 2627 glücklich
2612 2556 3342 2616 unterſtutzt

578 2790 1139 2850 wird,
1228 2784 1393 2844 daß
1602 2786 1778 2846 ſie
1845 2788 2307 2848 beinahe
2462 2788 2738 2848 zum
2847 2775 3265 2835 guten

669 2990 1314 3050 Glauben
1451 2995 1926 3055 wird,
2096 3001 2323 3061 die
2458 3000 3217 3060 »größeren

628 3208 1235 3268 Fragen«
1299 3212 1505 3272 ſind
1646 3210 1788 3270 Dr
1972 3206 2210 3266 nicht
2350 3198 3098 3258 zugänglich

583 3430 962 3490 mein
1033 3420 1394 3480 armer
1536 3418 2083 3478 Freund.
2241 3420 2374 3480 Du
2551 3422 2833 3482 lebſt
2992 3426 3230 3486 und

583 3647 1228 3707 producirſt
1346 3638 1486 3698 im
1604 3642 2097 3702 Ddeinen
2297 3646 2520 3706 und
2660 3635 2967 3695 ahnſt

599 3870 1084 3930 nicht,
1130 3868 1304 3928 daß
1465 3864 1558 3924 es
1755 3856 1916 3916 hoch
2044 3850 2252 3910 über
2426 3844 2669 3904 dem
2796 3842 3189 3902 Allein

667 4084 902 4144 den
1020 4076 1720 4136 tionismus
1837 4081 2237 4141 gibt.
2319 4084 2773 4144 Wenn
2909 4073 3055 4133 Du

618 4304 1000 4364 aber
1151 4315 1612 4375 wiſſen
1755 4313 2315 4373 willſt,
2359 4307 2714 4367 wie
2848 4300 3203 4360 man

621 4515 884 4575 auf
965 4526 1194 4586 dem
1320 4531 1743 4591 Theater
1870 4527 2351 4587 etwas
2535 4522 3119 4582 buweiſt

698 4712 971 4772 mit
1119 4726 2189 4786 »geſchloſſenen
2519 4718 2793 4778 und

646 4920 1655 4980 wetterheſten
1750 4947 2525 5007 Grunden«,
2560 4952 2630 5012 ſo
2783 4949 3194 5009 kannſt
3265 4937 3382 4997 Du
