2914 3663
1332 391 2135 451 Dnéhlan

1844 502 2146 562 Jeuti.

743 1062 1004 1122 chu.
1049 1067 1401 1127 moiuu
1560 1069 2151 1129 Gofemonn.

740 1448 954 1508 Jituie
1041 1447 1331 1507 enpfu
1393 1444 1821 1504 »Bauait.
1858 1440 2047 1500 P’a.
2084 1434 2575 1494 bet-pisgus

470 1589 680 1649 Hn.
710 1592 1121 1652 dußenie
1241 1587 1924 1647 vets(’atees
2014 1580 2257 1640 nilhu
2332 1579 2422 1639 mri

448 1732 983 1792 dimoshes,
1020 1732 1203 1792 mee
1311 1730 1421 1790 me
1519 1728 1690 1788 Gals
1750 1726 1824 1786 le
1860 1723 2104 1783 sopape
2152 1723 2164 1783 a
2274 1721 2347 1781 de

461 1859 604 1919 piop
670 1858 774 1918 asc
957 1858 1140 1918 Paii
1259 1856 1743 1916 ontéliéen
1860 1856 1926 1916 pu
2082 1856 2474 1916 bisillees

444 2001 620 2061 eihte
703 1997 907 2057 apai
1030 1999 1385 2059 horch.
1412 2002 1671 2062 hiuo
1836 2005 1944 2065 jou
2122 2002 2463 2062 buxese

457 2129 495 2189 oi
620 2131 659 2191 je
744 2133 1062 2193 sutia:
1100 2135 1206 2195 mini
1369 2137 1744 2197 Wiihané
1869 2141 2396 2201 lepoui«¬

521 2271 648 2331 Tha
762 2279 1060 2339 snh,
1105 2282 1161 2342 je
1231 2284 1374 2344 rois
1445 2282 1731 2342 risu:
1773 2273 2486 2333 dephesmeta.

547 2431 981 2491 lmesu.
1012 2435 1063 2495 qu
1178 2437 1219 2497 je
1270 2438 1622 2498 tupiniti
1684 2437 1767 2497 da
1880 2435 2242 2495 anhayie,
2273 2431 2377 2491 Pa

408 2546 471 2606 ten
555 2550 566 2610 à
672 2556 903 2616 lupls
956 2558 988 2618 en
1072 2558 1188 2618 ples
1272 2558 1515 2618 eonpti
1630 2554 1956 2614 eonchisn,
2000 2552 2146 2612 l’eit
2242 2551 2431 2611 engi

408 2679 540 2739 lchu
618 2680 783 2740 petich
882 2684 1136 2744 p’io.,
1169 2685 1313 2745 et,
1346 2686 1501 2746 aiee
1555 2685 1699 2745 al.
1744 2682 1943 2742 Pumis
2052 2672 2394 2732 Babilete

416 2806 1169 2866 lontone-li
1291 2800 1393 2860 mi
1536 2798 1729 2858 aion
1831 2797 1953 2857 jait
2044 2794 2055 2854 l
2167 2794 2218 2854 an

476 2923 645 2983 Jot:
683 2918 891 2978 Cadeur
1023 2915 1136 2975 ny
1231 2911 1657 2971 Paiuans¬

1309 3030 1849 3090 pin-ru

1576 3187 1942 3247 fer,
2004 3121 2280 3181 tod,
