<?xml version="1.0" encoding="UTF-8" standalone="yes"?>
<PcGts xmlns="http://schema.primaresearch.org/PAGE/gts/pagecontent/2013-07-15" xmlns:xsi="http://www.w3.org/2001/XMLSchema-instance" xsi:schemaLocation="http://schema.primaresearch.org/PAGE/gts/pagecontent/2013-07-15 http://schema.primaresearch.org/PAGE/gts/pagecontent/2013-07-15/pagecontent.xsd">
    <Metadata>
        <Creator>prov=READ-COOP:name=PyLaia@TranskribusPlatform:version=0.7.3:model_id=42131:lm=none:date=12_07_2022_11:37
prov=READ-COOP:name=PyLaia@Transkribus:version=0.7.3:model_id=42131:date=12_07_2022_11:35
prov=University of Rostock/Institute of Mathematics/CITlab|PLANET AI GmbH/Tobias Gruening/tobias.gruening@planet-ai.de:name=de.uros.citlab.module.baseline2polygon.B2PSeamMultiOriented:v=2.6.7</Creator>
        <Created>2022-03-31T12:07:20.105+02:00</Created>
        <LastChange>2022-08-09T11:19:10.377+02:00</LastChange>
        <TranskribusMetadata docId="958772" pageId="37204933" pageNr="207" tsid="93055541" status="IN_PROGRESS" userId="40391" imgUrl="https://files.transkribus.eu/Get?id=KDGCNVQUMZXUNCJURGJSGASQ&amp;fileType=view" xmlUrl="https://files.transkribus.eu/Get?id=NVTEOFJRIVUYVRYPEUQGPIWD" imageId="30005104"/>
    </Metadata>
    <Page imageFilename="DLA_65_95_00223 HS.NZ85.1.3165_0117-0.jpg" imageWidth="3893" imageHeight="5755">
        <ReadingOrder>
            <OrderedGroup id="ro_1660647784683" caption="Regions reading order">
                <RegionRefIndexed index="0" regionRef="r1"/>
            </OrderedGroup>
        </ReadingOrder>
        <TextRegion orientation="0.0" id="r1" custom="readingOrder {index:0;}">
            <Coords points="388,560 388,5236 3478,5236 3478,560"/>
            <TextLine id="line_1660025449798_383" custom="readingOrder {index:0;} person {offset:15; length:7;} latintype {offset:15; length:7;} work {offset:15; length:7;}">
                <Coords points="428,584 798,475 984,480 2947,560 3008,799 2614,841 2142,871 422,793"/>
                <Baseline points="444,662 473,661 502,660 531,660 560,660 589,660 618,660 647,660 676,660 705,662 734,662 763,663 792,664 821,665 850,667 879,668 908,670 937,671 966,674 995,676 1024,678 1042,700 1139,704 1236,707 1334,708 1431,710 1529,708 1626,708 1723,706 1821,704 1918,702 2016,700 2113,698 2210,698 2308,696 2405,698 2503,699 2600,702 2697,706 2795,712 2892,721 2990,732"/>
                <Word id="r1l1_w1" custom="readingOrder {index:0;}">
                    <Coords points="459,620 459,680 609,680 609,620"/>
                    <TextEquiv>
                        <Unicode>ich</Unicode>
                    </TextEquiv>
                </Word>
                <Word id="r1l1_w2" custom="readingOrder {index:1;}">
                    <Coords points="735,626 735,686 957,686 957,626"/>
                    <TextEquiv>
                        <Unicode>Dir</Unicode>
                    </TextEquiv>
                </Word>
                <Word id="r1l2_w1" custom="readingOrder {index:2;}">
                    <Coords points="1150,669 1150,729 1679,729 1679,669"/>
                    <TextEquiv>
                        <Unicode>ſchon.</Unicode>
                    </TextEquiv>
                </Word>
                <Word id="r1l2_w2" custom="readingOrder {index:3;} latintype {offset:0; length:6;}">
                    <Coords points="1748,658 1748,718 2662,718 2662,658"/>
                    <TextEquiv>
                        <Unicode>Haeaet</Unicode>
                    </TextEquiv>
                </Word>
                <Word id="r1l2_w3" custom="readingOrder {index:4;}">
                    <Coords points="2736,676 2736,736 2944,736 2944,676"/>
                    <TextEquiv>
                        <Unicode>iſt</Unicode>
                    </TextEquiv>
                </Word>
                <TextEquiv>
                    <Unicode>ich Dir ſchon. Kalbeck iſt</Unicode>
                </TextEquiv>
            </TextLine>
            <TextLine id="r1l3" custom="readingOrder {index:1;}">
                <Coords points="368,986 941,956 1258,1118 1907,966 3496,1122 3499,948 3011,833 371,843"/>
                <Baseline points="388,928 542,943 697,954 851,960 1006,964 1160,966 1315,966 1469,964 1624,962 1778,960 1933,957 2087,956 2242,956 2396,956 2551,961 2705,968 2860,979 3014,994 3169,1014 3323,1039 3478,1070"/>
                <Word id="r1l3_w1" custom="readingOrder {index:0;}">
                    <Coords points="431,922 431,982 1488,982 1488,922"/>
                    <TextEquiv>
                        <Unicode>unerträglich</Unicode>
                    </TextEquiv>
                </Word>
                <Word id="r1l3_w2" custom="readingOrder {index:1;}">
                    <Coords points="1611,916 1611,976 2448,976 2448,916"/>
                    <TextEquiv>
                        <Unicode>ſchwilſtig</Unicode>
                    </TextEquiv>
                </Word>
                <Word id="r1l3_w3" custom="readingOrder {index:2;}">
                    <Coords points="2622,960 2622,1020 3509,1020 3509,960"/>
                    <TextEquiv>
                        <Unicode>geſchrieben.</Unicode>
                    </TextEquiv>
                </Word>
                <TextEquiv>
                    <Unicode>unerträglich ſchwülſtig geſchrieben.</Unicode>
                </TextEquiv>
            </TextLine>
            <TextLine id="r1l4" custom="readingOrder {index:2;}">
                <Coords points="499,1358 2083,1196 2991,1252 3184,1388 3400,1342 3401,1145 2404,1158 2184,1053 1960,1157 1202,1170 967,1065 499,1145"/>
                <Baseline points="520,1226 663,1230 806,1233 949,1234 1092,1234 1235,1232 1378,1230 1521,1226 1664,1224 1807,1220 1951,1218 2094,1216 2237,1216 2380,1216 2523,1216 2666,1220 2809,1224 2952,1232 3095,1242 3238,1253 3382,1270"/>
                <Word id="r1l4_w1" custom="readingOrder {index:0;}">
                    <Coords points="567,1193 567,1253 1123,1253 1123,1193"/>
                    <TextEquiv>
                        <Unicode>Gefällt</Unicode>
                    </TextEquiv>
                </Word>
                <Word id="r1l4_w2" custom="readingOrder {index:1;}">
                    <Coords points="1257,1190 1257,1250 1496,1250 1496,1190"/>
                    <TextEquiv>
                        <Unicode>ihm</Unicode>
                    </TextEquiv>
                </Word>
                <Word id="r1l4_w3" custom="readingOrder {index:2;}">
                    <Coords points="1788,1178 1788,1238 2053,1238 2053,1178"/>
                    <TextEquiv>
                        <Unicode>das</Unicode>
                    </TextEquiv>
                </Word>
                <Word id="r1l4_w4" custom="readingOrder {index:3;}">
                    <Coords points="2187,1176 2187,1236 2534,1236 2534,1176"/>
                    <TextEquiv>
                        <Unicode>Rück</Unicode>
                    </TextEquiv>
                </Word>
                <Word id="r1l4_w5" custom="readingOrder {index:4;}">
                    <Coords points="2717,1199 2717,1259 3411,1259 3411,1199"/>
                    <TextEquiv>
                        <Unicode>wirlich</Unicode>
                    </TextEquiv>
                </Word>
                <TextEquiv>
                    <Unicode>Gefällt ihm das Stück wirklich</Unicode>
                </TextEquiv>
            </TextLine>
            <TextLine id="r1l5" custom="readingOrder {index:3;}">
                <Coords points="478,1541 911,1451 1832,1580 2260,1445 2772,1492 3029,1425 3025,1320 471,1363"/>
                <Baseline points="494,1510 619,1508 745,1504 871,1502 997,1498 1123,1494 1248,1490 1374,1484 1500,1480 1626,1476 1752,1470 1877,1466 2003,1461 2129,1456 2255,1450 2381,1446 2506,1440 2632,1436 2758,1432 2884,1428 3010,1424"/>
                <Word id="r1l5_w1" custom="readingOrder {index:0;}">
                    <Coords points="519,1466 519,1526 797,1526 797,1466"/>
                    <TextEquiv>
                        <Unicode>ſo?</Unicode>
                    </TextEquiv>
                </Word>
                <Word id="r1l5_w2" custom="readingOrder {index:1;}">
                    <Coords points="1095,1450 1095,1510 1372,1510 1372,1450"/>
                    <TextEquiv>
                        <Unicode>Oder</Unicode>
                    </TextEquiv>
                </Word>
                <Word id="r1l5_w3" custom="readingOrder {index:2;}">
                    <Coords points="1549,1433 1549,1493 1788,1493 1788,1433"/>
                    <TextEquiv>
                        <Unicode>hat</Unicode>
                    </TextEquiv>
                </Word>
                <Word id="r1l5_w4" custom="readingOrder {index:3;}">
                    <Coords points="1928,1422 1928,1482 2006,1482 2006,1422"/>
                    <TextEquiv>
                        <Unicode>er</Unicode>
                    </TextEquiv>
                </Word>
                <Word id="r1l5_w5" custom="readingOrder {index:4;}">
                    <Coords points="2422,1396 2422,1456 2839,1456 2839,1396"/>
                    <TextEquiv>
                        <Unicode>mir</Unicode>
                    </TextEquiv>
                </Word>
                <TextEquiv>
                    <Unicode>ſo? Oder hat er nur</Unicode>
                </TextEquiv>
            </TextLine>
            <TextLine id="line_1660033263221_400" custom="readingOrder {index:4;} person {offset:18; length:7;} latintype {offset:18; length:7;}">
                <Coords points="573,1600 2120,1526 2982,1522 3323,1654 3272,1828 961,1777 512,1721 511,1640"/>
                <Baseline points="530,1718 601,1721 673,1722 745,1722 817,1722 889,1722 960,1720 1032,1719 1104,1718 1176,1715 1248,1713 1319,1711 1391,1709 1463,1708 1535,1706 1607,1706 1678,1706 1750,1706 1822,1708 1894,1712 1966,1716 2126,1662 2184,1664 2242,1666 2301,1668 2359,1672 2418,1677 2476,1682 2534,1686 2593,1691 2651,1697 2710,1703 2768,1709 2826,1715 2885,1721 2943,1728 3002,1734 3060,1738 3118,1744 3177,1750 3235,1754 3294,1760"/>
                <Word id="r1l6_w1" custom="readingOrder {index:0;}">
                    <Coords points="2132,1625 2132,1685 2347,1685 2347,1625"/>
                    <TextEquiv>
                        <Unicode>daß</Unicode>
                    </TextEquiv>
                </Word>
                <Word id="r1l6_w2" custom="readingOrder {index:1;}">
                    <Coords points="2541,1650 2541,1710 2637,1710 2637,1650"/>
                    <TextEquiv>
                        <Unicode>es</Unicode>
                    </TextEquiv>
                </Word>
                <Word id="r1l6_w3" custom="readingOrder {index:2;} latintype {offset:0; length:6;}">
                    <Coords points="2755,1696 2755,1756 3333,1756 3333,1696"/>
                    <TextEquiv>
                        <Unicode>Seidel</Unicode>
                    </TextEquiv>
                </Word>
                <Word id="r1l7_w1" custom="readingOrder {index:3;}">
                    <Coords points="564,1677 564,1737 1686,1737 1686,1677"/>
                    <TextEquiv>
                        <Unicode>vnommmee</Unicode>
                    </TextEquiv>
                </Word>
                <TextEquiv>
                    <Unicode>vernommen, daß es Speidel</Unicode>
                </TextEquiv>
            </TextLine>
            <TextLine id="r1l8" custom="readingOrder {index:5;}">
                <Coords points="512,2019 1955,1921 2527,2056 2819,2013 2815,1870 2561,1765 2150,1862 2040,1776 1750,1776 1572,1901 938,1918 723,1808 508,1880"/>
                <Baseline points="528,1960 641,1969 755,1975 868,1978 982,1978 1096,1978 1209,1974 1323,1970 1436,1963 1550,1957 1664,1950 1777,1942 1891,1937 2004,1931 2118,1927 2232,1924 2345,1922 2459,1924 2572,1928 2686,1936 2800,1946"/>
                <Word id="r1l8_w1" custom="readingOrder {index:0;}">
                    <Coords points="568,1935 568,1995 995,1995 995,1935"/>
                    <TextEquiv>
                        <Unicode>loben</Unicode>
                    </TextEquiv>
                </Word>
                <Word id="r1l8_w2" custom="readingOrder {index:1;}">
                    <Coords points="1163,1921 1163,1981 1757,1981 1757,1921"/>
                    <TextEquiv>
                        <Unicode>wirde</Unicode>
                    </TextEquiv>
                </Word>
                <Word id="r1l8_w3" custom="readingOrder {index:2;}">
                    <Coords points="1972,1886 1972,1946 2281,1946 2281,1886"/>
                    <TextEquiv>
                        <Unicode>und</Unicode>
                    </TextEquiv>
                </Word>
                <Word id="r1l8_w4" custom="readingOrder {index:3;}">
                    <Coords points="2469,1890 2469,1950 2755,1950 2755,1890"/>
                    <TextEquiv>
                        <Unicode>ſich</Unicode>
                    </TextEquiv>
                </Word>
                <TextEquiv>
                    <Unicode>loben würde und ſich</Unicode>
                </TextEquiv>
            </TextLine>
            <TextLine id="r1l9" custom="readingOrder {index:6;}">
                <Coords points="402,2270 1341,2296 2457,2163 3296,2271 3295,2147 2873,2018 2182,2141 401,2088"/>
                <Baseline points="420,2208 562,2216 705,2220 848,2222 991,2222 1134,2220 1276,2216 1419,2212 1562,2208 1705,2203 1848,2198 1990,2194 2133,2190 2276,2188 2419,2188 2562,2190 2704,2195 2847,2201 2990,2213 3133,2226 3276,2244"/>
                <Word id="r1l9_w1" custom="readingOrder {index:0;}">
                    <Coords points="454,2179 454,2239 943,2239 943,2179"/>
                    <TextEquiv>
                        <Unicode>darum</Unicode>
                    </TextEquiv>
                </Word>
                <Word id="r1l9_w2" custom="readingOrder {index:1;}">
                    <Coords points="1133,2170 1133,2230 1836,2230 1836,2170"/>
                    <TextEquiv>
                        <Unicode>beeilt,</Unicode>
                    </TextEquiv>
                </Word>
                <Word id="r1l9_w3" custom="readingOrder {index:2;}">
                    <Coords points="1920,2154 1920,2214 2007,2214 2007,2154"/>
                    <TextEquiv>
                        <Unicode>um</Unicode>
                    </TextEquiv>
                </Word>
                <Word id="r1l9_w4" custom="readingOrder {index:3;}">
                    <Coords points="2389,2148 2389,2208 2581,2208 2581,2148"/>
                    <TextEquiv>
                        <Unicode>die</Unicode>
                    </TextEquiv>
                </Word>
                <Word id="r1l9_w5" custom="readingOrder {index:4;}">
                    <Coords points="2729,2171 2729,2231 3219,2231 3219,2171"/>
                    <TextEquiv>
                        <Unicode>Wete</Unicode>
                    </TextEquiv>
                </Word>
                <TextEquiv>
                    <Unicode>darum beeilt, um die Wette</Unicode>
                </TextEquiv>
            </TextLine>
            <TextLine id="r1l10" custom="readingOrder {index:7;}">
                <Coords points="452,2534 846,2465 1763,2580 2491,2415 3080,2541 3319,2450 3317,2261 2878,2381 2243,2270 1927,2413 918,2298 729,2404 451,2368"/>
                <Baseline points="470,2446 611,2452 752,2456 894,2458 1035,2460 1177,2460 1318,2458 1459,2456 1601,2454 1742,2452 1884,2448 2025,2444 2166,2442 2308,2439 2449,2436 2591,2436 2732,2434 2873,2435 3015,2436 3156,2440 3298,2446"/>
                <Word id="r1l10_w1" custom="readingOrder {index:0;}">
                    <Coords points="482,2408 482,2468 565,2468 565,2408"/>
                    <TextEquiv>
                        <Unicode>zu</Unicode>
                    </TextEquiv>
                </Word>
                <Word id="r1l10_w2" custom="readingOrder {index:1;}">
                    <Coords points="774,2420 774,2480 1380,2480 1380,2420"/>
                    <TextEquiv>
                        <Unicode>loben,</Unicode>
                    </TextEquiv>
                </Word>
                <Word id="r1l10_w3" custom="readingOrder {index:2;}">
                    <Coords points="1465,2415 1465,2475 1486,2475 1486,2415"/>
                    <TextEquiv>
                        <Unicode>–</Unicode>
                    </TextEquiv>
                </Word>
                <Word id="r1l10_w4" custom="readingOrder {index:3;}">
                    <Coords points="1610,2410 1610,2470 2009,2470 2009,2410"/>
                    <TextEquiv>
                        <Unicode>aupfs</Unicode>
                    </TextEquiv>
                </Word>
                <Word id="r1l10_w5" custom="readingOrder {index:4;}">
                    <Coords points="2239,2396 2239,2456 2803,2456 2803,2396"/>
                    <TextEquiv>
                        <Unicode>Seten</Unicode>
                    </TextEquiv>
                </Word>
                <Word id="r1l10_w6" custom="readingOrder {index:5;}">
                    <Coords points="2992,2397 2992,2457 3160,2457 3160,2397"/>
                    <TextEquiv>
                        <Unicode>der</Unicode>
                    </TextEquiv>
                </Word>
                <TextEquiv>
                    <Unicode>zu loben, – auf Seiten der</Unicode>
                </TextEquiv>
            </TextLine>
            <TextLine id="line_1660036485630_416" custom="readingOrder {index:8;}">
                <Coords points="622,2545 2650,2550 2905,2580 3141,2610 3142,2776 1000,2845 702,2844 410,2735 413,2592"/>
                <Baseline points="430,2708 486,2711 543,2714 599,2715 656,2718 712,2720 769,2722 825,2724 882,2724 938,2726 995,2727 1051,2728 1108,2728 1164,2730 1221,2730 1277,2730 1334,2730 1390,2729 1447,2728 1503,2728 1560,2726 1686,2716 1757,2708 1829,2701 1901,2696 1973,2689 2045,2686 2116,2682 2188,2680 2260,2679 2332,2678 2404,2678 2475,2680 2547,2680 2619,2682 2691,2684 2763,2686 2834,2689 2906,2692 2978,2696 3050,2698 3122,2702"/>
                <Word id="r1l11_w1" custom="readingOrder {index:0;}">
                    <Coords points="1738,2656 1738,2716 2064,2716 2064,2656"/>
                    <TextEquiv>
                        <Unicode>wie</Unicode>
                    </TextEquiv>
                </Word>
                <Word id="r1l11_w2" custom="readingOrder {index:1;}">
                    <Coords points="2269,2643 2269,2703 3067,2703 3067,2643"/>
                    <TextEquiv>
                        <Unicode>immer?</Unicode>
                    </TextEquiv>
                </Word>
                <Word id="r1l12_w1" custom="readingOrder {index:2;}">
                    <Coords points="479,2686 479,2746 1427,2746 1427,2686"/>
                    <TextEquiv>
                        <Unicode>Mächtigen</Unicode>
                    </TextEquiv>
                </Word>
                <TextEquiv>
                    <Unicode>Mächtigen, wie immer?</Unicode>
                </TextEquiv>
            </TextLine>
            <TextLine id="r1l13" custom="readingOrder {index:9;}">
                <Coords points="422,3104 1116,2985 2106,3036 2228,2934 3288,3022 3327,2782 1501,2926 1105,2800 418,2838"/>
                <Baseline points="440,2960 583,2974 727,2983 870,2988 1014,2990 1158,2990 1301,2987 1445,2982 1588,2977 1732,2970 1876,2964 2019,2956 2163,2950 2306,2946 2450,2942 2594,2940 2737,2941 2881,2945 3024,2952 3283,2977 3427,2995"/>
                <Word id="r1l13_w1" custom="readingOrder {index:0;}">
                    <Coords points="529,2935 529,2995 678,2995 678,2935"/>
                    <TextEquiv>
                        <Unicode>Ich</Unicode>
                    </TextEquiv>
                </Word>
                <Word id="r1l13_w2" custom="readingOrder {index:1;}">
                    <Coords points="775,2950 775,3010 1540,3010 1540,2950"/>
                    <TextEquiv>
                        <Unicode>glaube,</Unicode>
                    </TextEquiv>
                </Word>
                <Word id="r1l13_w3" custom="readingOrder {index:2;}">
                    <Coords points="1612,2931 1612,2991 1785,2991 1785,2931"/>
                    <TextEquiv>
                        <Unicode>der</Unicode>
                    </TextEquiv>
                </Word>
                <Word id="r1l13_w4" custom="readingOrder {index:3;}">
                    <Coords points="2007,2913 2007,2973 2156,2973 2156,2913"/>
                    <TextEquiv>
                        <Unicode>iſt</Unicode>
                    </TextEquiv>
                </Word>
                <Word id="r1l13_w5" custom="readingOrder {index:4;}">
                    <Coords points="2304,2901 2304,2961 2623,2961 2623,2901"/>
                    <TextEquiv>
                        <Unicode>kein</Unicode>
                    </TextEquiv>
                </Word>
                <Word id="r1l13_w6" custom="readingOrder {index:5;}">
                    <Coords points="2820,2912 2820,2972 3239,2972 3239,2912"/>
                    <TextEquiv>
                        <Unicode>echter</Unicode>
                    </TextEquiv>
                </Word>
                <TextEquiv>
                    <Unicode>Ich glaube, der iſt kein echter,</Unicode>
                </TextEquiv>
            </TextLine>
            <TextLine id="r1l14" custom="readingOrder {index:10;}">
                <Coords points="449,3406 719,3229 1549,3356 2055,3162 2774,3188 2798,3048 2536,3104 2380,3015 1788,3146 1419,3073 1096,3154 893,3063 442,3135"/>
                <Baseline points="464,3220 579,3220 695,3222 811,3222 927,3220 1043,3220 1159,3218 1275,3217 1391,3215 1507,3213 1623,3210 1738,3206 1854,3204 1970,3200 2086,3196 2202,3192 2318,3186 2434,3182 2550,3176 2775,3176 2891,3170"/>
                <Word id="r1l14_w1" custom="readingOrder {index:0;}">
                    <Coords points="502,3180 502,3240 740,3240 740,3180"/>
                    <TextEquiv>
                        <Unicode>auf</Unicode>
                    </TextEquiv>
                </Word>
                <Word id="r1l14_w2" custom="readingOrder {index:1;}">
                    <Coords points="881,3180 881,3240 1073,3240 1073,3180"/>
                    <TextEquiv>
                        <Unicode>den</Unicode>
                    </TextEquiv>
                </Word>
                <Word id="r1l14_w3" custom="readingOrder {index:2;}">
                    <Coords points="1334,3168 1334,3228 1999,3228 1999,3168"/>
                    <TextEquiv>
                        <Unicode>kannſt</Unicode>
                    </TextEquiv>
                </Word>
                <Word id="r1l14_w4" custom="readingOrder {index:3;}">
                    <Coords points="2166,3150 2166,3210 2287,3210 2287,3150"/>
                    <TextEquiv>
                        <Unicode>Du</Unicode>
                    </TextEquiv>
                </Word>
                <Word id="r1l14_w5" custom="readingOrder {index:4;}">
                    <Coords points="2596,3133 2596,3193 2666,3193 2666,3133"/>
                    <TextEquiv>
                        <Unicode>Du</Unicode>
                    </TextEquiv>
                </Word>
                <TextEquiv>
                    <Unicode>auf den kannſt Du Dich</Unicode>
                </TextEquiv>
            </TextLine>
            <TextLine id="r1l15" custom="readingOrder {index:11;}">
                <Coords points="431,3615 635,3640 953,3452 1492,3556 2252,3469 2669,3593 3412,3583 3151,3390 2877,3371 2164,3432 1796,3321 1044,3400 892,3315 437,3406"/>
                <Baseline points="454,3486 601,3480 748,3476 895,3472 1042,3468 1189,3466 1336,3464 1483,3464 1630,3464 1777,3466 1924,3470 2071,3474 2218,3480 2365,3486 2512,3494 2659,3504 2806,3515 2953,3528 3100,3542 3247,3560 3394,3578"/>
                <Word id="r1l15_w1" custom="readingOrder {index:0;}">
                    <Coords points="467,3438 467,3498 843,3498 843,3438"/>
                    <TextEquiv>
                        <Unicode>nicht</Unicode>
                    </TextEquiv>
                </Word>
                <Word id="r1l15_w2" custom="readingOrder {index:1;}">
                    <Coords points="1058,3424 1058,3484 2026,3484 2026,3424"/>
                    <TextEquiv>
                        <Unicode>verlaſſen,</Unicode>
                    </TextEquiv>
                </Word>
                <Word id="r1l15_w3" custom="readingOrder {index:2;}">
                    <Coords points="2194,3439 2194,3499 2241,3499 2241,3439"/>
                    <TextEquiv>
                        <Unicode>–</Unicode>
                    </TextEquiv>
                </Word>
                <Word id="r1l15_w4" custom="readingOrder {index:3;}">
                    <Coords points="2334,3457 2334,3517 2807,3517 2807,3457"/>
                    <TextEquiv>
                        <Unicode>wohl</Unicode>
                    </TextEquiv>
                </Word>
                <Word id="r1l15_w5" custom="readingOrder {index:4;}">
                    <Coords points="2924,3499 2924,3559 3233,3559 3233,3499"/>
                    <TextEquiv>
                        <Unicode>aber</Unicode>
                    </TextEquiv>
                </Word>
                <TextEquiv>
                    <Unicode>nicht verlaſſen, – wohl aber</Unicode>
                </TextEquiv>
            </TextLine>
            <TextLine id="r1l16" custom="readingOrder {index:12;} latintype {offset:4; length:7;} person {offset:4; length:7;}">
                <Coords points="461,3762 1412,3751 1841,3962 2138,3792 2322,3904 2723,3839 3087,3936 3075,3657 2264,3736 2152,3642 1663,3672 1304,3565 467,3604"/>
                <Baseline points="482,3724 611,3727 741,3731 870,3736 1000,3741 1130,3747 1259,3752 1389,3758 1518,3763 1648,3768 1778,3774 1907,3780 2037,3786 2166,3792 2296,3797 2426,3802 2555,3807 2685,3812 2814,3816 2944,3820 3074,3824"/>
                <Word id="r1l16_w1" custom="readingOrder {index:0;}">
                    <Coords points="533,3689 533,3749 842,3749 842,3689"/>
                    <TextEquiv>
                        <Unicode>auf</Unicode>
                    </TextEquiv>
                </Word>
                <Word id="r1l16_w2" custom="readingOrder {index:1;} latintype {offset:0; length:7;}">
                    <Coords points="952,3713 952,3773 1652,3773 1652,3713"/>
                    <TextEquiv>
                        <Unicode>Speiddl.</Unicode>
                    </TextEquiv>
                </Word>
                <Word id="r1l16_w3" custom="readingOrder {index:2;}">
                    <Coords points="1848,3746 1848,3806 2239,3806 2239,3746"/>
                    <TextEquiv>
                        <Unicode>Schon</Unicode>
                    </TextEquiv>
                </Word>
                <Word id="r1l16_w4" custom="readingOrder {index:3;}">
                    <Coords points="2352,3762 2352,3822 2548,3822 2548,3762"/>
                    <TextEquiv>
                        <Unicode>iſt</Unicode>
                    </TextEquiv>
                </Word>
                <Word id="r1l16_w5" custom="readingOrder {index:4;}">
                    <Coords points="2685,3776 2685,3836 2967,3836 2967,3776"/>
                    <TextEquiv>
                        <Unicode>das</Unicode>
                    </TextEquiv>
                </Word>
                <TextEquiv>
                    <Unicode>auf Speidel. Schön iſt das</Unicode>
                </TextEquiv>
            </TextLine>
            <TextLine id="r1l17" custom="readingOrder {index:13;}">
                <Coords points="569,4073 2016,4028 3066,4210 3369,4159 3281,3975 2840,3980 2623,3866 1646,3992 1174,3848 574,3876"/>
                <Baseline points="592,3982 729,4002 867,4016 1005,4026 1143,4032 1281,4034 1419,4034 1557,4032 1695,4028 1833,4025 1971,4022 2108,4018 2246,4017 2384,4018 2522,4021 2660,4028 2798,4043 2936,4058 3074,4078 3212,4106 3350,4140"/>
                <Word id="r1l17_w1" custom="readingOrder {index:0;}">
                    <Coords points="664,3992 664,4052 1643,4052 1643,3992"/>
                    <TextEquiv>
                        <Unicode>Wreflewillen</Unicode>
                    </TextEquiv>
                </Word>
                <Word id="r1l17_w2" custom="readingOrder {index:1;}">
                    <Coords points="1801,3983 1801,4043 1967,4043 1967,3983"/>
                    <TextEquiv>
                        <Unicode>in</Unicode>
                    </TextEquiv>
                </Word>
                <Word id="r1l17_w3" custom="readingOrder {index:2;}">
                    <Coords points="2132,3977 2132,4037 2344,4037 2344,3977"/>
                    <TextEquiv>
                        <Unicode>die</Unicode>
                    </TextEquiv>
                </Word>
                <Word id="r1l17_w4" custom="readingOrder {index:3;}">
                    <Coords points="2456,4016 2456,4076 3382,4076 3382,4016"/>
                    <TextEquiv>
                        <Unicode>Agegathin</Unicode>
                    </TextEquiv>
                </Word>
                <TextEquiv>
                    <Unicode>Wohlwollen und die Sympathie,</Unicode>
                </TextEquiv>
            </TextLine>
            <TextLine id="r1l18" custom="readingOrder {index:14;} textStyle {offset:13; length:5;underlined:true; fontSize:0.0; kerning:0;}">
                <Coords points="531,4340 1593,4307 1857,4433 2713,4348 2911,4477 3265,4448 3273,4282 2817,4194 2578,4260 2165,4239 2027,4135 1555,4209 1104,4105 925,4201 756,4103 541,4139"/>
                <Baseline points="554,4248 688,4253 823,4258 957,4262 1092,4265 1227,4268 1361,4270 1496,4273 1630,4276 1765,4279 1900,4282 2034,4288 2169,4294 2303,4301 2438,4310 2573,4322 2707,4334 2842,4349 2976,4367 3111,4387 3246,4412"/>
                <Word id="r1l18_w1" custom="readingOrder {index:0;}">
                    <Coords points="593,4212 593,4272 778,4272 778,4212"/>
                    <TextEquiv>
                        <Unicode>die</Unicode>
                    </TextEquiv>
                </Word>
                <Word id="r1l18_w2" custom="readingOrder {index:1;}">
                    <Coords points="959,4224 959,4284 1217,4284 1217,4224"/>
                    <TextEquiv>
                        <Unicode>haſt</Unicode>
                    </TextEquiv>
                </Word>
                <Word id="r1l18_w3" custom="readingOrder {index:2;}">
                    <Coords points="1330,4231 1330,4291 1551,4291 1551,4231"/>
                    <TextEquiv>
                        <Unicode>bei</Unicode>
                    </TextEquiv>
                </Word>
                <Word id="r1l18_w4" custom="readingOrder {index:3;}">
                    <Coords points="1809,4246 1809,4306 2211,4306 2211,4246"/>
                    <TextEquiv>
                        <Unicode>lllen</Unicode>
                    </TextEquiv>
                </Word>
                <Word id="r1l18_w5" custom="readingOrder {index:4;}">
                    <Coords points="2469,4308 2469,4368 3206,4368 3206,4308"/>
                    <TextEquiv>
                        <Unicode>zutage</Unicode>
                    </TextEquiv>
                </Word>
                <TextEquiv>
                    <Unicode>die faſt bei Allen zutage</Unicode>
                </TextEquiv>
            </TextLine>
            <TextLine id="r1l19" custom="readingOrder {index:15;}">
                <Coords points="437,4531 747,4536 889,4676 1101,4717 1817,4552 2574,4686 2580,4481 2382,4522 1701,4398 1452,4479 1180,4386 965,4477 798,4364 441,4411"/>
                <Baseline points="458,4518 563,4520 668,4524 773,4526 878,4530 983,4533 1088,4536 1193,4540 1298,4542 1403,4546 1509,4550 1614,4552 1719,4556 1824,4558 1929,4562 2034,4564 2139,4566 2244,4570 2349,4572 2637,4599 2743,4601"/>
                <Word id="r1l19_w1" custom="readingOrder {index:0;}">
                    <Coords points="469,4484 469,4544 929,4544 929,4484"/>
                    <TextEquiv>
                        <Unicode>tritt.</Unicode>
                    </TextEquiv>
                </Word>
                <Word id="r1l19_w2" custom="readingOrder {index:1;}">
                    <Coords points="1058,4503 1058,4563 1606,4563 1606,4503"/>
                    <TextEquiv>
                        <Unicode>Einiges</Unicode>
                    </TextEquiv>
                </Word>
                <Word id="r1l19_w3" custom="readingOrder {index:2;}">
                    <Coords points="1824,4524 1824,4584 2262,4584 2262,4524"/>
                    <TextEquiv>
                        <Unicode>davon</Unicode>
                    </TextEquiv>
                </Word>
                <TextEquiv>
                    <Unicode>tritt. Einiges davon iſt</Unicode>
                </TextEquiv>
            </TextLine>
            <TextLine id="r1l20" custom="readingOrder {index:16;}">
                <Coords points="474,4898 924,4819 1084,4938 1334,4794 1753,4912 2068,4816 2336,4931 2519,4837 2929,4831 2931,4719 2057,4750 1757,4641 1060,4756 926,4661 477,4713"/>
                <Baseline points="496,4778 616,4786 737,4794 858,4799 978,4802 1099,4806 1220,4806 1340,4808 1461,4808 1582,4807 1703,4806 1823,4806 1944,4806 2065,4806 2185,4807 2306,4808 2427,4812 2547,4816 2668,4822 2789,4830 2910,4838"/>
                <Word id="r1l20_w1" custom="readingOrder {index:0;}">
                    <Coords points="510,4752 510,4812 909,4812 909,4752"/>
                    <TextEquiv>
                        <Unicode>wohl</Unicode>
                    </TextEquiv>
                </Word>
                <Word id="r1l20_w2" custom="readingOrder {index:1;}">
                    <Coords points="1052,4766 1052,4826 1312,4826 1312,4766"/>
                    <TextEquiv>
                        <Unicode>auf</Unicode>
                    </TextEquiv>
                </Word>
                <Word id="r1l20_w3" custom="readingOrder {index:2;}">
                    <Coords points="1571,4766 1571,4826 2492,4826 2492,4766"/>
                    <TextEquiv>
                        <Unicode>Rechnung</Unicode>
                    </TextEquiv>
                </Word>
                <Word id="r1l20_w4" custom="readingOrder {index:3;}">
                    <Coords points="2678,4790 2678,4850 2914,4850 2914,4790"/>
                    <TextEquiv>
                        <Unicode>des</Unicode>
                    </TextEquiv>
                </Word>
                <TextEquiv>
                    <Unicode>wohl auf Rechnung des</Unicode>
                </TextEquiv>
            </TextLine>
            <TextLine id="r1l21" custom="readingOrder {index:17;} place {offset:0; length:4;}">
                <Coords points="518,5045 1241,5276 1994,5291 2452,5143 2718,5298 3239,5246 3247,5107 3004,5031 2444,5073 2177,4946 1875,5072 1518,4958 1216,5023 526,4910"/>
                <Baseline points="540,5036 674,5048 808,5060 942,5072 1076,5083 1211,5095 1345,5106 1479,5115 1613,5123 1747,5132 1882,5140 2016,5149 2150,5156 2284,5162 2418,5166 2552,5172 2687,5176 2821,5179 2955,5182 3089,5184 3224,5186"/>
                <Word id="r1l21_w1" custom="readingOrder {index:0;}">
                    <Coords points="615,5046 615,5106 1621,5106 1621,5046"/>
                    <TextEquiv>
                        <Unicode>Weneriſchen</Unicode>
                    </TextEquiv>
                </Word>
                <Word id="r1l21_w2" custom="readingOrder {index:1;}">
                    <Coords points="1786,5098 1786,5158 1921,5158 1921,5098"/>
                    <TextEquiv>
                        <Unicode>zp</Unicode>
                    </TextEquiv>
                </Word>
                <Word id="r1l21_w3" custom="readingOrder {index:2;}">
                    <Coords points="2112,5127 2112,5187 2792,5187 2792,5127"/>
                    <TextEquiv>
                        <Unicode>ſetzen,</Unicode>
                    </TextEquiv>
                </Word>
                <Word id="r1l21_w4" custom="readingOrder {index:3;}">
                    <Coords points="2900,5143 2900,5203 3145,5203 3145,5143"/>
                    <TextEquiv>
                        <Unicode>die</Unicode>
                    </TextEquiv>
                </Word>
                <TextEquiv>
                    <Unicode>Wieneriſchen zu ſetzen, die</Unicode>
                </TextEquiv>
            </TextLine>
            <TextEquiv>
                <Unicode>ich Dir ſchon. Kalbeck iſt
unerträglich ſchwülſtig geſchrieben.
Gefällt ihm das Stück wirklich
ſo? Oder hat er nur
vernommen, daß es Speidel
loben würde und ſich
darum beeilt, um die Wette
zu loben, – auf Seiten der
Mächtigen, wie immer?
Ich glaube, der iſt kein echter,
auf den kannſt Du Dich
nicht verlaſſen, – wohl aber
auf Speidel. Schön iſt das
Wohlwollen und die Sympathie,
die faſt bei Allen zutage
tritt. Einiges davon iſt
wohl auf Rechnung des
Wieneriſchen zu ſetzen, die</Unicode>
            </TextEquiv>
        </TextRegion>
    </Page>
</PcGts>
