3961 5832
2171 1028 2655 1088 Paris,
2692 1025 2905 1085 23.
2961 1048 3655 1108 November.

1062 1661 1309 1721 Mein
1510 1678 1803 1738 lieber
2003 1684 2515 1744 Freund,

995 2109 1459 2169 Zugleich
1655 2100 1832 2160 mit
1994 2098 2100 2158 der
2314 2098 2725 2158 Depeſche
2833 2103 2904 2163 an
3101 2108 3242 2168 wie

742 2343 1077 2403 Onkel
1287 2347 1684 2407 ſandte
1874 2337 1978 2397 ich
2105 2330 2188 2390 am
2523 2320 3089 2380 Samſtag
3299 2342 3403 2402 ein

742 2569 813 2629 an
1047 2549 1245 2609 Dich
1425 2540 1768 2600 ab.
1839 2543 2253 2603 DDein
2525 2558 3299 2618 Telegramm

716 2764 924 2824 das
1078 2764 1097 2824 S
1345 2768 1933 2828 Nachricht
2105 2772 2791 2832 verlangte
3076 2760 3265 2820 hat

798 3011 1006 3071 ſich
1150 2983 1379 3043 mit
1587 2970 1690 3030 dem
2024 2970 2458 3030 meinen
2752 2986 3435 3046 gekreuzt

917 3204 1187 3264 Dirs
1356 3209 1522 3269 zur
1773 3201 2149 3261 Steuer
2442 3192 2567 3252 der
2881 3209 3591 3269 hiſtoriſchen

836 3444 1554 3504 Wahrheit.

1424 3624 1641 3684 Und
1749 3626 1950 3686 nun
2137 3624 2198 3684 ko
2354 3618 2897 3678 tauſend
3068 3610 3393 3670 Dank

659 3864 839 3924 für
977 3861 1320 3921 Deine
1500 3848 2618 3908 freundſchaftliche
2756 3858 3575 3918 Thelnahme

732 4062 953 4122 und
1080 4052 1412 4112 Deine
1649 4054 1963 4114 lieben
2275 4077 3468 4137 Glückwünſche.

718 4272 954 4332 Aber
1209 4274 1621 4334 glaube
1857 4274 2093 4334 mir
2407 4273 2465 4333 jr
2682 4269 2740 4329 ja
3015 4258 3310 4318 nicht

690 4509 872 4569 daß
1021 4512 1122 4572 ich
1271 4510 1370 4570 ein
1636 4504 1820 4564 hert
2002 4495 2285 4555 Held
2483 4490 3198 4550 geworden

766 4714 1219 4774 bin.
1290 4708 1456 4768 Die
1578 4707 1912 4767 Sache
2007 4708 2149 4768 iſt
2318 4714 2961 4774 eigentlich
3082 4723 3414 4783 eine

779 4961 1220 5021 große
1513 4930 2198 4990 Comödie
2419 4926 2639 4986 nit
2936 4930 3180 4990 ſehr

825 5171 1270 5231 wenig
1483 5162 2141 5222 Gefahr.
2204 5162 2501 5222 Und
2694 5158 3096 5218 willſt
3225 5148 3331 5208 Du
