3951 5849
857 816 1012 876 Vor
1135 818 1516 878 einiger
1759 818 2000 878 Zeit
2123 818 2401 878 war
2607 816 2730 876 ich
2937 816 3077 876 bei
3249 817 3630 877 Ttoel.

631 1035 899 1095 durch
1017 1027 1117 1087 die
1301 1019 2641 1079 Direckons-Kriſes
2776 1020 2809 1080 im
3077 1020 3612 1080 Oleon¬

647 1236 877 1296 und
954 1238 1070 1298 den
1377 1252 2031 1312 Weggang
2260 1257 2838 1317 Antoines
2952 1239 3145 1299 iſt

584 1461 796 1521 eine
931 1467 1344 1527 anſerer
1649 1466 2730 1526 Combinationen
2997 1474 3477 1534 geſtört

590 1674 1192 1734 worden,
1245 1673 1581 1733 Thorel
1723 1666 1881 1726 hat
2077 1659 2182 1719 dem
2518 1665 3563 1725 übrigbleibenden

601 1899 1075 1959 Director
1444 1900 1897 1960 Ginisty
2124 1886 2534 1946 zwar
2741 1880 2947 1940 das
3153 1887 3502 1947 Stück

545 2120 1208 2180 überreicht,
1254 2113 1489 2173 aber
1703 2107 1890 2167 das
1987 2106 2128 2166 iſt
2292 2106 2435 2166 ein
2623 2120 3356 2180 Nlachkopf

517 2345 717 2405 nuch
818 2339 868 2399 er
1170 2327 1473 2387 wird
1590 2322 1673 2382 es
1843 2322 2160 2382 kaum
2479 2332 3318 2392 acceptiren

618 2552 768 2612 Ein
902 2543 1358 2603 anderes
1548 2544 2439 2604 Manuſkript
2591 2551 2723 2611 iſt
2894 2552 3104 2612 zur

564 2780 805 2840 Zeit
958 2765 1063 2825 bei
1350 2755 1806 2815 Carre,
1851 2754 1957 2814 dem
2336 2753 2850 2813 director
3154 2733 3365 2793 des

734 2976 1733 3036 »Paudevrille«:
1810 2967 2181 3027 Thorel
2261 2965 2280 3025 g
2574 2962 2887 3022 wird
3022 2963 3238 3023 auf

523 3222 803 3282 dieſer
959 3196 1268 3256 Seite
1421 3179 1653 3239 mit
1780 3172 2038 3232 allen
2347 3173 2910 3233 Mitteln
3092 3201 3578 3261 arbeiten

670 3410 1168 3470 Freunde
1261 3398 1691 3458 Carres
1852 3394 2170 3454 ſollen
2487 3398 2555 3458 in
2757 3418 3621 3478 Bewegung

617 3635 1027 3695 geſetzt
1275 3630 1976 3690 werden,
2057 3621 2470 3681 Pierre
2616 3625 3026 3685 Lote,
3087 3651 3562 3711 Rorels

595 3838 1124 3898 intimer
1382 3842 2107 3902 Freund,
2184 3840 2440 3900 ſoll
2562 3834 2863 3894 auch
3015 3829 3105 3889 ein

659 4044 955 4104 Wot
1164 4048 2034 4108 mitreden.
2105 4046 2174 4106 Jn
2331 4046 2418 4106 den
2748 4057 3341 4117 nächſten

698 4279 1083 4339 Wochen
1395 4262 1892 4322 werden
2204 4256 2516 4316 wir
2792 4256 3305 4316 Bericht

655 4484 891 4544 über
1086 4474 1263 4534 das
1480 4475 2049 4535 Ergebniß
2246 4478 2991 4538 erhalten.

942 4684 1032 4744 Du
1213 4698 1773 4758 findeſt
1932 4689 1999 4749 in
2202 4677 2562 4737 dieſem
2921 4694 3325 4754 Briefe

624 4889 645 4949 1
830 4910 1080 4970 eine
1226 4926 2034 4986 Beſprechung
2202 4919 2304 4979 der
2657 4917 3341 4977 »Liebelei«
