3982 5897
1822 1001 2439 1061 Paris,
2515 1019 2632 1079 3.
2670 1031 3133 1091 April.

1109 1462 1401 1522 Mein
1636 1464 2015 1524 lieber
2235 1448 2865 1508 Freund,

735 1867 818 1927 In
986 1889 1384 1949 Eile!
1655 1895 2032 1955 Dieſen
2239 1887 2678 1947 Mann
2825 1886 2887 1946 in
3034 1895 3598 1955 Cannes

688 2124 1085 2184 kenne
1151 2125 1250 2185 ich
1416 2119 1829 2179 nicht,
1928 2111 2193 2171 und
2459 2096 3335 2156 Niemand

679 2328 1048 2388 kmnt
1231 2330 1602 2390 ihn,
1643 2332 1805 2392 den
2052 2333 2194 2393 ich
2380 2335 2566 2395 hier
2769 2348 3466 2408 befragt.

670 2542 844 2602 Die
962 2558 1507 2618 Adreſſe
1664 2553 2073 2613 deutet
2289 2546 2543 2606 auf
2758 2554 3148 2614 einen

682 2778 1246 2838 honme
1408 2778 1876 2838 cossie
2101 2770 2456 2830 hein.
2635 2767 2763 2827 Ob
2942 2768 3006 2828 er

792 2985 1601 3045 Franzöſiſch
1754 2980 2364 3040 kann.
2421 2939 2448 2999 6
2695 2974 3080 3034 Denn
3217 2968 3355 3028 es

692 3234 1116 3294 ſcheint
1274 3205 1543 3265 kein
1812 3198 2485 3258 Franzoſe
2643 3203 2732 3263 zu
3001 3205 3520 3265 ſein.

844 3418 1600 3478 Immerhm
1905 3422 2165 3482 gib’
2336 3422 2598 3482 ihm
2985 3416 3181 3476 die

742 3648 2090 3708 Autorſation.
2207 3638 2515 3698 Eiue
2659 3641 3579 3701 franzöſiſche

692 3865 1662 3925 Überſetzung,
1799 3852 1934 3912 die
2113 3844 2228 3904 Du
2452 3842 2792 3902 noch
2904 3859 3176 3919 dazu

692 4090 1087 4150 nicht
1275 4084 1367 4144 zu
1673 4089 2421 4149 bezählen,
2447 4074 3258 4134 brauchſt

706 4312 903 4372 iſt
1097 4298 1359 4358 beſſt,
1383 4329 1457 4389 er
1686 4308 1930 4368 als
2082 4297 2347 4357 gar
2650 4298 3405 4358 keine.

733 4514 1126 4574 Mache
1286 4520 1537 4580 aber
1679 4515 1984 4575 aus
2217 4509 2448 4569 daß
2646 4508 2717 4568 er
2932 4515 3092 4575 die

794 4756 1230 4816 Sache
1357 4749 1666 4809 nicht
1898 4730 3128 4790 veröffentlicht

742 4971 1067 5031 ohne
1182 4973 1414 5033 daß
1647 4967 1762 5027 Du
2063 4957 2204 5017 die
2390 4956 3456 5016 Überſetzung
