3946 5814
607 790 898 850 wenn
1042 784 1127 844 Du
1335 782 1626 842 nicht
1750 786 2040 846 drzt
2187 799 2956 859 wäreſt.
3018 809 3329 869 Wie

717 1023 994 1083 gern
1154 1008 1617 1068 möchte
1825 1010 1940 1070 ich
2057 1011 2194 1071 ihn
2402 1017 2634 1077 noch
2771 1018 2842 1078 zu
3002 1015 3256 1075 alle

691 1217 807 1277 dem
1176 1222 1411 1282 dazu
1626 1228 2346 1288 nehmen,
2404 1232 2774 1292 was
2970 1236 3105 1296 ich
3221 1243 3571 1303 habe!

663 1437 894 1497 Auf
990 1450 1270 1510 einen
1574 1446 2086 1506 Ohren.
2155 1435 2716 1495 Katarech
2881 1441 3254 1501 mehr

798 1650 948 1710 oder
1126 1664 1709 1724 weniger
1919 1659 2292 1719 käme
2428 1656 2502 1716 es
2651 1654 2860 1714 mir
3070 1658 3384 1718 weiß

639 1885 928 1945 Gott
1200 1869 1507 1929 nicht
1632 1862 2085 1922 an,
2156 1857 2553 1917 wenn
2770 1849 2880 1909 ich
3113 1838 3366 1898 Dich

616 2067 796 2127 won
993 2071 1054 2131 um
1472 2074 1730 2134 dieſen
1929 2076 2305 2136 Preis
2504 2078 2883 2138 davon
3003 2085 3499 2145 befreien

598 2303 1251 2363 könnte.
1323 2307 1613 2367 Abrei
1740 2305 1850 2365 ich
2012 2301 2429 2361 meine
2665 2303 2864 2363 das
3028 2321 3482 2381 Ganze

555 2536 695 2596 iſt
837 2533 1080 2593 doch
1262 2530 1322 2590 ſo
1485 2520 2618 2580 unbedeutend,
2658 2518 2821 2578 daß
3103 2521 3226 2581 Du

579 2736 1095 2796 Unrecht
1261 2742 1776 2802 hätteſt,
1869 2744 2035 2804 Dir
2268 2741 2973 2801 deßwegen
3162 2728 3465 2788 auch

611 2971 884 3031 nur
1138 2947 1431 3007 eine
1647 2938 2215 2998 Minüte
2351 2942 2801 3002 Deines
2997 2948 3586 3008 Lebens,

727 3184 800 3244 zu
1106 3158 1882 3218 verſtören.

1303 3353 2085 3413 Merkwürdig
2176 3357 2362 3417 iſt,
2399 3359 2566 3419 daß
2715 3362 2809 3422 Du
2958 3365 3216 3425 trotz
3274 3371 3551 3431 all’

585 3560 682 3620 dem
916 3592 1732 3652 Schönen,
1790 3598 2043 3658 was
2200 3597 2277 3657 Du
2531 3596 2919 3656 haſt,
2996 3598 3462 3658 Deines

704 3796 1545 3856 Lebensnicht
1739 3802 1954 3862 froh
2061 3810 2686 3870 wirſt.
2752 3814 2880 3874 Ich
2989 3818 3505 3878 komme

580 4029 773 4089 nun
897 4028 1118 4088 vor
1362 4030 2021 4090 Sehnſucht
2190 4031 2410 4091 und
2582 4022 2924 4082 Reue

503 4228 733 4288 und
866 4224 1194 4284 Du,
1262 4225 1344 4285 der
1557 4226 1625 4286 Du
1806 4232 2202 4292 Stieles
2384 4241 2565 4301 von
2729 4249 2846 4309 dem
3193 4261 3455 4321 haſt

625 4475 968 4535 was
1168 4468 1296 4528 ich
1439 4466 2165 4526 erſehne,
2219 4464 2508 4524 und
2726 4462 3232 4522 Vieles

738 4685 989 4745 noch
1095 4676 1346 4736 haſt
1473 4674 1669 4734 von
1920 4678 2280 4738 dem,
2333 4681 2655 4741 deſſen
2889 4684 3480 4744 Verluſt

533 4890 643 4950 ich
755 4890 1420 4950 bereue,
1474 4892 1511 4952 –
1714 4892 1808 4952 Du
1972 4894 2176 4954 biſt
2288 4892 2674 4952 darum
2952 4886 3210 4946 doch
