3969 5861
506 1084 979 1144 dazu,
1065 1072 1203 1132 die
1456 1062 1846 1122 Leute
1956 1060 2043 1120 zu
2295 1069 2823 1129 ſehen,
2879 1084 2993 1144 an

539 1290 668 1350 die
871 1290 981 1350 ich
1110 1292 1883 1352 denke.
1996 1298 2401 1358 Haſt
2529 1302 2660 1362 Du
2992 1306 3083 1366 an

604 1555 1037 1615 Thorel
1195 1556 1332 1616 ein
1689 1559 2417 1619 Eemplar
2634 1575 3482 1635 geſchickt?

548 1833 710 1893 3.)
818 1825 956 1885 Ich
1118 1820 1608 1880 bleibe
1773 1826 2344 1886 dabei,
2398 1832 2671 1892 daß
2999 1831 3134 1891 ich

505 2072 908 2132 Deine
1038 2095 2471 2155 Mitarbeiterſchaft
2728 2132 2894 2192 bei

511 2315 969 2375 Albert
1200 2331 1615 2391 Largen
1892 2353 2834 2413 bedaure.
2902 2349 3133 2409 Die

501 2551 760 2611 daß
950 2586 1954 2646 Directoren,
2005 2598 2127 2658 die
2300 2598 2559 2658 über
2889 2587 3216 2647 Dich

576 2849 1516 2909 ſchimpfen,
1585 2833 2149 2893 trotzdem
2644 2815 3089 2875 Deine

517 3098 996 3158 Stücke
1108 3096 2100 3156 aufführen,
2156 3069 2355 3129 iſt
2667 3040 3175 3100 richtig

530 3358 799 3418 Aber
1115 3358 1256 3418 die
1416 3352 2111 3412 Directoren
2396 3334 2743 3394 ſind
3044 3315 3075 3375 an

453 3618 792 3678 nicht
912 3620 984 3680 zu
1251 3601 2268 3661 umgehen.
2364 3588 3165 3648 Hingegen

496 3859 651 3919 die
740 3866 1345 3926 Sachen,
1390 3861 1523 3921 die
1659 3857 1792 3917 bei
2017 3853 2420 3913 Langen
2642 3888 3425 3948 erſchienen

386 4144 794 4204 ſind,
875 4108 1593 4168 müßten
1920 4098 2348 4158 nicht
2574 4102 2820 4162 geb

475 4374 1187 4434 gedruckt
1394 4357 2239 4417 werden.
2315 4356 2334 4416 D
2670 4360 3064 4420 Auch

454 4639 985 4699 deiſteſt
1148 4646 1240 4706 Du
1449 4641 1934 4701 Langen
2235 4629 2258 4689 D
2630 4611 3092 4671 einen

551 4904 917 4964 ganz
1037 4913 1794 4973 beſonderen
2013 4884 2719 4944 Dienſt,
2791 4869 3181 4929 indem

547 5153 659 5213 Du
956 5166 1115 5226 ihm
1412 5163 1639 5223 für
1776 5158 2025 5218 ſein
2434 5148 3002 5208 neues

671 5433 1709 5493 Unternehmen
1927 5413 2088 5473 die
2247 5407 3364 5467 gegenwärtig
