3863 5713
1799 901 2324 961 Paris,
2388 912 2520 972 15
2620 918 3145 978 Atber.
3209 927 3378 987 Et.

1278 1611 1577 1671 Mein
1694 1640 1943 1700 liebe
2177 1650 2658 1710 Fruund,

1024 2101 1541 2161 Nochaals
1660 2127 2157 2187 inigen
2376 2164 3391 2224 Glückwunſch,

1076 2406 1365 2466 Jetzt,
1409 2418 1899 2478 nachdem
2053 2426 2166 2486 ich
2254 2433 2656 2493 einige
2832 2471 3411 2531 Referate

661 2625 1215 2685 geleſen,
1380 2655 1563 2715 ſehe
1647 2663 1790 2723 ich
1955 2669 1996 2729 u
2222 2678 2550 2738 erſt,
2611 2690 2878 2750 wie
3023 2712 3290 2772 groß

649 2868 905 2928 Dein
1145 2900 1503 2960 Erfolg
1641 2908 1980 2968 iſt,
2019 2910 2338 2970 was
2476 2910 2775 2970 aus
2952 2921 3390 2981 Deiner

736 3143 1274 3203 Degeſche
1476 3139 1767 3199 nicht
1903 3132 2172 3192 Nar
2330 3135 2845 3195 genig
3000 3186 3563 3246 hervor.

686 3343 1104 3403 ging.
1241 3351 1460 3411 Wie
1600 3356 1720 3416 ich
1838 3362 1978 3422 die
2157 3373 2473 3433 Sache
2633 3396 3089 3456 anſeſe

561 3571 816 3631 biſt
930 3602 999 3662 Du
1162 3627 1440 3687 jetzt
1577 3645 2273 3705 lancirt,
2364 3646 2665 3706 Nach
2756 3646 2988 3706 dem

602 3823 1057 3883 Wiener
1234 3866 1689 3926 Erfolge
1868 3881 2382 3941 werden
2522 3887 2659 3947 die
2799 3894 3391 3954 Berlier

686 4073 962 4133 bald
1108 4085 1368 4145 mit
1531 4092 1742 4152 dem
2082 4102 2489 4162 Rtücke
2652 4110 3350 4170 heraus¬

635 4310 1457 4370 kommen.
1568 4316 1888 4376 Dort
2013 4321 2417 4381 wird
2542 4328 2654 4388 es
2807 4343 3252 4403 meien

582 4552 922 4612 nicht
1115 4565 1574 4625 uinder
1744 4585 2349 4645 großen
2617 4606 3100 4666 Erfolg

631 4820 979 4880 haben
1198 4839 1439 4899 und
1569 4847 1874 4907 eine
2006 4855 2312 4915 noch
2420 4892 3425 4952 untelligentere

587 5099 996 5159 Kritik
1182 5118 1635 5178 finden
1839 5130 2826 5190 (Mkauthiner
2969 5154 3033 5214 im

752 5314 1792 5374 »Tageblatt?
2192 5330 2627 5390 Dann
2771 5345 3247 5405 wird
