3955 5854
2225 1002 2655 1062 Paris,
2691 1001 2803 1061 2.
2858 990 3494 1050 December.

944 1655 1404 1715 Meunn,
1467 1667 1728 1727 lieber
1974 1651 2452 1711 Freund,

871 1906 1003 1966 ſch
1121 1898 1573 1958 wünſche
1724 1888 1857 1948 Dir
2041 1880 2192 1940 von
2360 1872 2660 1932 Herzen
2861 1868 2977 1928 ein
3112 1870 3629 1930 glückliches

702 2126 1066 2186 neues
1181 2111 1573 2171 Jahr.
1656 2103 1770 2163 Iin
1881 2095 2190 2155 alten
2443 2085 2669 2145 Jahr
2866 2080 3258 2140 wären
3401 2078 3539 2138 die

829 2320 1299 2380 Tage,
1366 2315 1451 2375 die
1601 2309 1703 2369 ich
1836 2301 2037 2361 mit
2154 2293 2306 2353 Dir
2507 2286 3027 2346 verlebt,
3094 2293 3246 2353 für

747 2543 945 2603 mich
1128 2531 1400 2591 wohl
1581 2525 1745 2585 das
1836 2522 2237 2582 Beſte.
2309 2518 2435 2578 Ich
2528 2513 2873 2573 danke
3092 2503 3236 2563 Dir

806 2763 820 2823 X
1231 2748 1683 2808 vielmals
1896 2735 2066 2795 für
2293 2726 2478 2786 alle
2719 2718 3016 2778 Deine
3214 2716 3498 2776 Treue

854 2956 1052 3016 und
1164 2963 1562 3023 Güte!

1183 3176 1377 3236 Sehr
1496 3176 1709 3236 habe
1848 3171 1945 3231 ich
2139 3162 2413 3222 mich
2590 3154 2842 3214 mit
3000 3148 3429 3208 Deinem

734 3403 1007 3463 lieben
1243 3388 1931 3448 ausführlichen
2126 3388 2421 3448 Briefe
2597 3384 3226 3444 gefreut.
3284 3372 3362 3432 Er

758 3618 1024 3678 hätte
1166 3609 1432 3669 gleich
1575 3598 2375 3658 brantwortet
2533 3590 2959 3650 werden
3207 3592 3616 3652 ſollen.

812 3814 874 3874 In
1043 3828 1335 3888 jenen
1524 3829 1798 3889 Tagen
1987 3820 2259 3880 hake
2321 3814 2427 3874 ich
2510 3808 2825 3868 keine
2993 3805 3224 3865 Zeit
3286 3809 3516 3869 dazu

724 4030 916 4090 und
1015 4028 1286 4088 dann
1517 4026 1692 4086 kam
1964 4024 2079 4084 ein
2332 4029 3009 4089 ſchrecklicher
3185 4043 3398 4103 Gut

723 4248 2037 4308 Zuſammenbruech;
2122 4248 2417 4308 neue
2588 4254 3592 4314 Erſcheinungen

722 4458 845 4518 der
1073 4477 1634 4537 gewiſſen
1842 4467 2547 4527 Krankheit
2711 4457 3643 4517 Verſchlimmen.

748 4701 1029 4761 rung
1212 4696 1360 4756 des
1526 4694 2520 4754 Augenübels,
2570 4684 2818 4744 eine
2985 4670 3149 4730 vom

760 4917 1052 4977 Arzt
1168 4901 1809 4961 conſtatirte
2021 4892 2761 4952 unheilbare
2954 4885 3596 4945 Myariase
