3955 5871
2002 1048 2576 1108 Paris,
2660 1079 2919 1139 22.
2975 1103 3433 1163 Juni.

935 1713 1198 1773 Mein
1512 1716 1892 1776 lieber
2073 1707 2732 1767 Freund,

931 2152 1058 2212 Es
1203 2153 1350 2213 iſt
1518 2150 1707 2210 ſehr
1831 2144 2040 2204 lieb
2270 2137 2541 2197 und
2668 2134 3674 2194 freundſchaft¬

747 2365 964 2425 lich
1202 2357 1397 2417 von
1614 2349 2134 2409 Dir,
2198 2345 2415 2405 daß
2677 2339 2763 2399 Du
2958 2335 3022 2395 ſo
3196 2327 3478 2387 auf

738 2597 860 2657 dem
1157 2571 2490 2631 Zuſammentreffen
2718 2560 2998 2620 mit
3261 2553 3541 2613 aur

711 2792 1470 2852 beſtehſt.
1567 2794 1884 2854 Auch
2056 2789 2301 2849 nur
2470 2776 3057 2836 kannſt
3157 2758 3278 2818 Du

798 3003 1666 3063 glauben,
1745 2997 1938 3057 daß
2170 2990 2284 3050 ich
2478 2987 2671 3047 Dich
2905 2988 3270 3048 nicht

655 3238 982 3298 mit
1145 3229 1614 3289 leichtem
1939 3215 2362 3275 Herzen
2666 3212 3391 3272 aufgeben

657 3449 1164 3509 würde
1376 3434 1632 3494 und
1799 3436 2055 3496 daß
2246 3438 2392 3498 ich
2648 3431 2985 3491 ſehr

652 3642 1292 3702 betribt
1467 3646 1656 3706 ſein
2078 3632 2587 3692 würde
2893 3611 3344 3671 wenn

663 3858 841 3918 ich
1085 3854 1304 3914 Dich
1482 3852 1547 3912 in
1860 3850 2213 3910 dieſem
2547 3850 2944 3910 Jahre
3078 3853 3475 3913 nicht

693 4105 974 4165 ſehen
1129 4072 1774 4132 könnte!
2005 4084 2286 4144 Aber
2466 4095 2596 4155 es
2751 4096 3187 4156 wird

665 4351 896 4411 ſich
1110 4332 1321 4392 doch
1471 4320 2042 4380 ſchwer
2403 4309 2956 4369 machen

738 4534 1468 4594 laſſen.
1543 4518 1664 4578 Da
1931 4514 2103 4574 iſt
2297 4514 3251 4574 zunächſt
3396 4502 3517 4562 der

646 4741 1637 4801 materille
1870 4718 2882 4778 Grund.
2978 4694 3192 4754 Ieh

697 4956 996 5016 habe
1098 4970 1826 5030 weniger
2049 4953 2401 5013 Geld
2553 4944 2802 5004 als
2979 4947 3053 5007 je
