3964 5836
434 1055 1104 1115 weſſen,
1190 1042 1512 1102 was
1717 1023 2183 1083 Muth
2326 1010 2648 1070 iſt?
2910 1015 3433 1075 Muth

517 1306 849 1366 iſt:
919 1283 1338 1343 wenn
1670 1268 1951 1328 man
2229 1272 2666 1332 vorher
2998 1299 3330 1359 eine

1868 1469 2689 1529 Nothwei
530 1521 922 1581 halbe
1169 1496 1730 1556 blaſche

568 1732 1282 1792 getrunken
1545 1708 1992 1768 hat.
2099 1688 2495 1748 Mutch
2654 1690 2813 1750 iſt

510 1958 949 2018 wenn
1237 1942 1594 2002 Leute
1760 1932 1814 1992 da
2115 1917 2446 1977 ſind
2693 1899 2994 1959 und

429 2211 1533 2271 zuſchauen.
1612 2160 2048 2220 Muth
2200 2127 2614 2187 iſt:
2715 2128 3307 2188 wenn

457 2428 749 2488 man
945 2426 1278 2486 unter
1630 2398 1843 2458 gar
2079 2370 2508 2430 keinen
2744 2380 3526 2440 Umſtänden

501 2676 1306 2736 weglaufen
1585 2642 1891 2702 darf
2170 2617 2586 2677 Muth
2696 2623 3033 2683 iſt:
3144 2670 3532 2730 wenn

433 2911 755 2971 man
929 2914 1296 2974 nicht
1531 2907 1598 2967 an
1877 2898 2008 2958 die
2265 2890 2718 2950 Gefahr
2913 2907 3494 2967 denkt.

470 3155 787 3215 Und
958 3152 1341 3212 Muth
1446 3153 1767 3213 iſt,
1851 3158 2064 3218 vor
2234 3169 2914 3229 Allem,
2977 3184 3382 3244 wie

477 3436 1531 3496 bekanit:
1610 3412 2092 3472 wenn
2439 3396 3258 3456 man.

451 3687 1322 3747 überzeugt
1430 3660 1838 3720 iſt,
1919 3645 2057 3705 es
2246 3634 2708 3694 wird
2873 3652 3335 3712 Einen

405 3956 688 4016 doch
815 3942 1177 4002 nichts
1434 3926 2333 3986 paſſiren.

1185 4256 1344 4316 Ein
1528 4256 1949 4316 Gefühl
2214 4260 2450 4320 das
2793 4274 3453 4334 »Muth«

571 4512 1141 4572 heißt,
1211 4504 1473 4564 gibt
1661 4508 1758 4568 es
1946 4514 2254 4574 ſicher
2636 4515 3132 4575 nicht.

616 4807 743 4867 Es
851 4785 1108 4845 gibt
1431 4760 1645 4820 mir
1947 4754 2053 4814 ein
2439 4760 2976 4820 Gefahl

606 5059 778 5119 die
954 5062 1750 5122 Furcht;
1799 5054 2073 5114 und
2298 5045 2422 5105 der
2795 5040 3344 5100 »Mulh¬

732 5320 1149 5380 ſdie
1475 5304 2454 5364 Nezirung
2726 5306 3215 5366 dieſes
