3963 5836
620 1037 916 1097 Alle
1055 1056 1603 1116 Chriſten
1948 1059 2795 1119 werden.
2886 1053 3276 1113 Jeſus

721 1266 817 1326 It
1011 1263 1206 1323 nur
1341 1262 1554 1322 doch
1650 1262 1768 1322 der
1982 1268 3030 1328 ſympathiſcheſte
3222 1274 3493 1334 Jeide

739 1471 963 1531 und
1082 1465 1186 1525 ich
1426 1462 1717 1522 will
1906 1464 2165 1524 gern
2405 1466 2473 1526 zu
2800 1464 3229 1524 ſeinen

794 1694 1396 1754 Jungern
1716 1694 2659 1754 zählen...

1348 1939 1679 1999 Freaui
1867 1938 2246 1998 Onkel
2499 1922 2703 1982 hat
2829 1914 3159 1974 nett

676 2171 931 2231 über
1188 2158 1731 2218 Anatol«
1836 2154 2861 2214 geſchrieben.
2936 2173 3418 2233 Meine

776 2403 1256 2463 Mutter
1496 2390 1884 2450 ſendet
2106 2384 2346 2444 noch
2531 2392 3123 2452 folgende

741 2640 2307 2700 Ergänzungs-Katik
2351 2640 2487 2700 .

858 3020 1178 3080 Das
1308 3054 1917 3114 Abſchalts
1984 3057 2367 3117 Gande
2593 3015 2818 3075 all

763 3221 1009 3281 damu
1201 3242 1719 3302 Connnde
1910 3254 2102 3314 fat
2263 3249 2482 3309 mas
2620 3227 2865 3287 pefo

728 3448 1234 3508 Grhlttu
1432 3467 1630 3527 ruun
1772 3469 1914 3529 es
2056 3463 2337 3523 Aach
2451 3454 2534 3514 fl
2819 3434 3016 3494 du

830 3696 1326 3756 Wlllndten
1383 3712 2109 3772 Kakhae
2257 3698 3159 3758 nahEhr

1088 4280 1577 4340 Oſtern
1811 4280 2275 4340 möchte
2483 4284 2640 4344 ich
2921 4302 3232 4362 nach

637 4499 1456 4559 Frankfurt
1701 4523 2410 4583 fahren,
2475 4532 2877 4592 weiß
3096 4529 3341 4589 aber

669 4723 933 4783 noch
1095 4724 1380 4784 nicht
1664 4721 2090 4781 woher
2375 4720 2499 4780 ich
2700 4726 2985 4786 das
3189 4744 3534 4804 Gelb

700 4954 1199 5014 nehmen
1599 4938 2287 4998 werde.
2346 4929 2614 4989 Aber
2823 4929 2958 4989 ich
3129 4937 3283 4997 bin

676 5177 961 5237 ſodt
1185 5168 1981 5228 gearbeitet
2204 5162 2507 5222 und
2729 5167 3016 5227 habe
3145 5179 3256 5239 ein
