3955 5854
418 873 464 933 im
712 838 1781 898 »Rottendanische
2076 821 2975 881 Coirant«,
3037 807 3145 867 die

450 1110 633 1170 nur
854 1090 957 1150 der
1161 1073 1606 1133 hieſige
1849 1054 3008 1114 Correſpondent
3131 1021 3292 1081 des

463 1317 1176 1377 Blattes,
1226 1302 1339 1362 ein
1551 1290 1843 1350 guter
2151 1268 2703 1328 Freund
2915 1252 3110 1312 von

518 1511 982 1571 nur,
1065 1493 1678 1553 übergeben
1996 1494 2332 1554 hat,
2395 1492 2439 1552 um
2734 1478 2945 1538 ſie
3049 1458 3135 1518 an

533 1732 731 1792 Dich
844 1725 910 1785 zu
1177 1708 1955 1768 befördern.
2021 1698 2156 1758 2.)
2244 1692 2511 1752 Einen
2754 1683 3065 1743 Brief
3178 1680 3355 1740 von

563 1944 1147 2004 Brandes
1278 1932 1356 1992 an
1618 1918 1940 1978 mich
2146 1907 2336 1967 35.)
2524 1902 2789 1962 Einen
3017 1901 3336 1961 Brief

497 2145 631 2205 von
780 2142 1210 2202 Nansen
1452 2134 1506 2194 an
1695 2128 2206 2188 mich.
2273 2122 2543 2182 Beide
2651 2117 3001 2177 Briee

490 2364 748 2424 bitte
844 2355 961 2415 ich
1078 2346 1502 2406 Dich,
1599 2342 1810 2402 nir
1976 2337 3319 2397 zurückzuſenden.

493 2575 755 2635 Beide
918 2579 1263 2639 Briefe
1424 2572 1668 2632 We
1788 2563 2073 2623 hätte
2317 2551 2437 2611 ich
2598 2547 2742 2607 Dir
2983 2548 3227 2608 ſchon

434 2797 902 2857 längſt
1009 2798 1370 2858 ſenden
1676 2784 2233 2844 ſolden;
2287 2772 2468 2832 aber
2630 2764 2775 2824 ich
2972 2756 3440 2816 wollte

535 3032 675 3092 ſie
757 3028 1038 3088 erſt
1279 2997 2466 3057 brantworten.
2548 2976 2849 3036 Bride
3031 2979 3391 3039 Briefe

498 3241 795 3301 geben
934 3225 1208 3285 auch
1415 3211 1622 3271 Dir
1987 3197 2355 3257 wohl
2561 3194 2975 3254 Anlaß
3204 3200 3272 3260 zu

506 3471 833 3531 einer
1069 3443 1672 3503 Antwort
1882 3426 1934 3486 an
2263 3418 2367 3478 die
2709 3416 3586 3476 Abſender.

615 3680 774 3740 Die
899 3665 1219 3725 Kritik
1433 3651 1468 3711 in
1753 3638 2554 3698 »Cosmopolis
2821 3630 2982 3690 hat
3193 3626 3460 3686 mich

727 3778 900 3838 ieſio
568 3792 595 3852 D

541 3908 1076 3968 Whi,
1147 3880 1900 3940 gefreut.
1996 3848 2456 3908 Faguet
2579 3840 2895 3900 iſt,
2967 3849 3281 3909 wie

574 4103 698 4163 Du
895 4104 1217 4164 wohl
1467 4082 2166 4142 weißt,
2237 4064 2343 4124 der
2667 4048 3060 4108 Nuff

592 4317 1227 4377 Nachfolger
1474 4307 1679 4367 von
2010 4281 2297 4341 Jeles
2544 4266 3159 4326 Laneitre

458 4539 642 4599 als
763 4534 1457 4594 Theater.
1540 4513 2090 4573 Kritiker
2378 4494 2418 4554 im
2786 4486 3357 4546 »Journel

1559 4726 1869 4786 und
2062 4706 2479 4766 einer
2909 4698 3026 4758 der
539 4752 753 4812 des
861 4733 1222 4793 Débats

562 4980 1111 5040 größten
1399 4928 2378 4988 Literatur-
2882 4929 3431 4989 Banzen

611 5198 817 5258 von
1084 5172 1598 5232 Paris.
