3876 5740
1911 756 2475 816 Poes,
2544 774 2756 834 19.
2802 787 3484 847 Auguſt.

1198 1524 1522 1584 Mein
1714 1537 2114 1597 lieber
2362 1558 2972 1618 Freund

675 1953 855 2013 Alſo
981 1985 1211 2045 von
1365 2012 1825 2072 Herzen
2106 2022 2541 2082 Glück
2692 2024 2975 2084 auf
3127 2028 3332 2088 den

669 2253 1060 2313 Weg
1189 2261 1243 2321 –
1397 2271 1635 2331 auf
1763 2280 1946 2340 den
2206 2286 2598 2346 guten
2729 2261 3227 2321 Wege,

631 2529 801 2589 der
997 2534 1243 2594 Dich
1412 2532 1509 2592 zu
1706 2527 1999 2587 mir
2169 2522 2635 2582 führen
2804 2535 3267 2595 ſoll.

592 2798 744 2858 Ich
866 2800 1228 2860 frene
1409 2791 1737 2851 mich
1918 2781 2192 2841 auf
2343 2780 3004 2840 unher¬

582 3082 1489 3142 Wiederſehn
1717 3062 1967 3122 und
2218 3044 2376 3104 ich
2489 3024 3058 3084 fürchte

552 3370 887 3430 mich
1023 3346 1595 3406 zugleich
1812 3303 2244 3363 davor
2403 3290 2462 3350 –
2699 3296 2972 3356 aus

599 3639 1264 3699 Gänden,
1417 3605 1567 3665 die
1750 3587 1839 3647 Du
1993 3565 2538 3625 gewiß
2721 3577 3416 3637 verſtehſt

613 3910 871 3970 ohne
1011 3908 1220 3968 daß
1383 3894 1524 3954 ich
1641 3883 1827 3943 ſie
2013 3881 2715 3941 ſage:.

998 4216 1106 4276 Ich
1245 4227 1709 4287 wohne
1903 4230 2014 4290 in
2204 4246 3441 4306 Frautentel,

1240 4518 1923 4578 Carlos.
2079 4533 2388 4593 Aber
2636 4525 2793 4585 Du
604 4544 1186 4604 Ville,

615 4824 1589 4884 elegraphieſt
1733 4792 2026 4852 mir
2391 4763 2879 4823 wohl
2999 4765 3099 4825 au

684 5108 1001 5168 Tage
1139 5102 1318 5162 vor
1596 5087 2034 5147 Deiner
2390 5074 3204 5134 Ankunft
