3877 5743
1858 863 2375 923 Paris,
2459 873 2582 933 7.
2646 891 3224 951 OAtober.

1015 1576 1328 1636 Mein
1484 1577 1818 1637 lieber
2128 1550 2754 1610 Freund!

735 1960 1111 2020 Dieſer
1250 1953 1533 2013 Brief
1721 1941 2074 2001 trifft
2189 1934 2423 1994 Dich
2542 1933 2799 1993 alſo
2941 1940 3244 2000 aus

698 2201 1321 2261 Vorabend
1524 2196 1983 2256 großer
2204 2183 3158 2243 Ereigmſſets

738 2414 995 2474 oder
1194 2426 1971 2486 hoffentlich
2127 2417 2407 2477 ſchon
2664 2406 2924 2466 aum

727 2641 1807 2701 Ereignißtage
2057 2614 2596 2674 ſelbſt.
2730 2597 2866 2657 Du

593 2891 1122 2951 kannſt
1284 2869 1446 2929 Dir
1667 2847 2316 2907 denken,
2433 2834 2713 2894 mit
2905 2825 3184 2885 wie

633 3107 1490 3167 wachſendem
1714 3077 2439 3137 Intereſſe
2608 3055 2756 3115 ich
2906 3043 3296 3103 Deine

627 3346 1076 3406 letzten
1210 3324 1637 3384 lieben
1841 3299 2268 3359 Briefe
2469 3297 3145 3357 geleſen

680 3561 900 3621 Gern
1023 3566 1283 3626 hätte
1406 3560 1566 3620 ich
1769 3551 1909 3611 ſie
2009 3540 2372 3600 raſch
2535 3555 3561 3615 beantwortet.

625 3774 869 3834 aber
979 3779 1125 3839 bei
1344 3775 1540 3835 mir
1749 3766 1894 3826 iſt
2029 3757 2492 3817 wieder
2798 3758 2895 3818 der

729 3999 1288 4059 Trebſim
1415 3994 2210 4054 eingekehrt;
2298 3986 2533 4046 und
2639 3986 2748 4046 ich
2833 3993 3283 4053 wellte

592 4242 1073 4302 nicht,
1123 4238 1307 4298 daß
1458 4236 1673 4296 mir
1857 4238 2539 4298 allzuviel
2723 4247 3155 4307 davon

612 4465 688 4525 in
901 4460 1056 4520 die
1209 4455 1501 4515 Feder
1732 4452 2253 4512 flöſſe.
2389 4452 2545 4512 Ich
2698 4456 3066 4516 danke

579 4661 730 4721 Dir
919 4679 956 4739 en
1144 4690 1351 4750 von
1540 4694 1991 4754 Herzen
2254 4689 2461 4749 daß
2687 4689 2782 4749 Du
3008 4696 3271 4756 mir

574 4913 672 4973 ſo
799 4932 1274 4992 treiulich
1375 4938 2026 4998 berichtet
2251 4943 2652 5003 haſt.
2775 4967 3102 5027 Gern

648 5163 953 5223 holte
1094 5190 1457 5250 hätte
1625 5186 1821 5246 ich
1934 5177 2294 5237 all’
2324 5176 2657 5236 dieſe
2883 5215 3216 5275 Zeit
