5458 6997
2944 575 4862 710 MELUN, 12 rue Doré, ce mercredi.
1138 2615 2180 2754 Mon cher Monsieur,
1608 2801 4378 2950 J’ai bien des excuses à vous faire pour ne vous pas avoir
1140 3007 3836 3150 renvoyé plus tôt, le numéro de la Freie Bühne que je mets à la
2642 3273 2890 3404 poste en même temps que cette lettre. Je viens d’être assez
2932 3407 3608 3538 souffrant pendant plusieurs jours; sachant cela, j’espère que
2858 3647 4866 3794 vous ne m’en voudrez pas de mon inexactitude. – J’ai demandé à
3310 3865 4828 3976 Nouvelle Revue de vous faire parvenir, en épreuves corrigées,
3132 4084 4816 4136 deux ou trois exemplaires de la chronique que nous allons pu¬
1162 4189 4768 4392 blier sur M. Schnitzler. Vous allez, je pense, les recevoir.
1170 4451 4968 4588 J’ai supposé, que si vous connaissiez quelque journal ami de M.
1156 4641 4952 4788 Schnitzler, il vous serait agréable de pouvoir lui faire parve¬
1164 4872 4968 4922 nir ce article avant sa publication. Ce n’est pas que l’article
1158 4995 4986 5174 soit aussi important que je l’eusse souhaité, mais enfin, c’est
1170 5239 4984 5378 le premier qui parait en France. D’autre part, si j’ai fait, çà
1160 5445 4760 5572 et là, les quelques réserves que me dictait mon désir d’être
1178 5643 4996 5770 parfaitement sincère, je pense néanmoins que vous ne serez pas
1152 5837 4392 5968 mécontent de la manière dont j’ai parlé de votre ami.
1602 6037 4806 6164 J’ai réflechi de nouveau à tout ce que vous avez bien
