3970 5864
501 641 820 701 noch
935 660 1048 720 um
1415 668 1850 728 einen
2169 656 2581 716 Grad
2697 667 3496 727 kraftigen
3494 723 3631 783 wDr.

631 876 1659 936 gewänſcht,
1768 855 2048 915 mit
2185 853 2827 913 etwas
2991 889 3411 949 mich
3403 954 3534 1014 Ir

585 1077 1463 1137 Betouung
1703 1067 2420 1127 darauf,
2515 1081 2803 1141 daß
3027 1103 3138 1163 es

321 1192 565 1252 Auch
599 1188 845 1248 fllte
898 1184 967 1244 er
1089 1178 1475 1238 einsal
1599 1173 1842 1233 vom
1984 1172 2422 1232 Seben
2509 1180 2981 1240 treiben
3120 1199 3279 1259 vund
3332 1218 3662 1278 Angſt
3327 1431 3547 1491 Mcpeuge

646 1302 812 1362 der
952 1318 1535 1378 Bſchied
2184 1278 3049 1338 Inſtliſt

530 1568 1629 1628 entzückend.
1867 1533 2046 1593 Der
2225 1522 2791 1582 Schluß
3028 1557 3383 1617 mit

553 1795 670 1855 der
828 1804 1284 1864 letzten
1506 1801 2696 1861 Unarmung
2878 1792 2905 1852 m

498 2006 927 2066 wird
1141 2016 2100 2076 ungehener
2297 2014 3107 2074 wirken

585 2239 1211 2299 Einfach,
1297 2237 1621 2297 aber
1944 2231 2008 2291 ſo
2161 2228 2787 2288 ſchön«
3022 2234 3218 2294 Der

523 2475 888 2535 dritte
1020 2462 1271 2522 Akt
1385 2460 1538 2520 iſt
1749 2465 1903 2525 der
2113 2480 3245 2540 Höfzunkt.

603 2706 1441 2766 überhaupt
1713 2712 1895 2772 iſt
2100 2710 2349 2770 das
2529 2707 3006 2767 Stück

609 2956 1433 3016 Vorzüglich
1620 2954 2424 3014 gebaut,
2508 2956 2611 3016 es
2734 2969 3435 3029 machſt

606 3225 708 3285 ſo
840 3219 1650 3279 allmalig
1885 3177 2200 3237 ins
2383 3167 3009 3227 große

607 3441 1642 3501 Dramatiſche
1907 3407 2635 3467 hinein.
2744 3429 3538 3489 Bewün¬

608 3684 910 3744 dert
1048 3677 1304 3737 habe
1422 3668 1606 3728 ich
1886 3648 2654 3708 nebenbei
2910 3665 3095 3725 die

601 3912 1261 3972 Kunſt,
1377 3893 1720 3953 mit
1833 3883 2014 3943 der
2424 3878 2563 3938 Du
2860 3895 3271 3955 all’
3339 3921 3497 3981 de

542 4137 1426 4197 techniſchen
1730 4115 3374 4175 Schwierigkeiten

610 4371 801 4431 für
977 4371 1151 4431 den
1573 4357 2062 4417 detten
2273 4348 2695 4408 Atl
2799 4360 3429 4420 bewalb

564 4611 869 4671 tigt
983 4606 1403 4666 haſt,
1614 4604 1919 4664 von
2148 4602 2661 4662 denen
2947 4597 3063 4657 Du

567 4841 663 4901 in
877 4854 1401 4914 Ischl
1538 4842 2470 4902 ſprachſt.
2761 4820 3304 4880 Mann

578 5119 925 5179 kann
1054 5111 1291 5171 ſich
1487 5098 2071 5158 keinen
2375 5100 3198 5160 Zwangl

626 5395 998 5455 ſeren
1204 5386 1483 5446 und
1651 5370 2713 5430 natürlichen
