3966 5837
1931 1016 2417 1076 Paris,
2477 1034 2557 1094 1.
2619 1048 3083 1108 April.

1064 1669 1304 1729 Mein
1614 1678 1883 1738 lieber
2179 1683 2771 1743 Freund,

852 2100 938 2160 Du
1232 2118 1542 2178 ſiehſt
1716 2124 2252 2184 wohl,
2304 2124 2597 2184 was
2702 2124 2996 2184 Alles
3116 2127 3187 2187 in
3446 2135 3549 2195 der

677 2345 1460 2405 franzöſiſchen
1685 2345 2059 2405 Peletik
2246 2342 2826 2402 vorgeht.
2882 2343 3032 2403 Der
3162 2352 3498 2412 Trufel

744 2555 867 2615 iſt
1008 2551 1361 2611 los,
1432 2549 1610 2609 und
1841 2548 1929 2608 ich
2069 2548 2511 2608 komme
2777 2555 2973 2615 noch
3061 2564 3556 2624 immer

755 2765 1026 2825 nicht
1155 2766 1408 2826 dazu
1754 2775 1899 2835 Dir
2172 2781 2226 2841 zu
2446 2786 3228 2846 ſchreiben.
3300 2775 3427 2835 Ich

725 2988 998 3048 will
1219 2988 1350 3048 Dir
1597 2988 1767 3048 mir
2066 2988 2106 3048 in
2379 2988 2470 3048 der
2731 2992 2940 3052 Eile
3095 2999 3238 3059 für

731 3188 1096 3248 Deinen
1343 3203 1669 3263 letzten
1930 3206 2228 3266 lieben
2489 3208 2789 3268 Brief
2984 3227 3595 3287 danken.

688 3428 950 3488 Auch
1050 3420 1210 3480 für
1372 3420 1734 3480 Deine
1956 3437 3002 3497 Phrtographie,
3084 3440 3244 3500 die

758 3657 1047 3717 mich
1204 3648 1850 3708 unendlich
2028 3646 2539 3706 erfreut
2718 3649 3031 3709 hat,
3119 3653 3386 3713 habe

721 3860 848 3920 ich
957 3852 1127 3912 Dir
1342 3848 1642 3908 wohl
1858 3855 2052 3915 noch
2179 3865 2458 3925 nicht
2716 3885 3359 3945 gedankt.

760 4066 1340 4126 Richard
1535 4068 1938 4128 Spochl
2163 4076 2326 4136 iſt
2519 4081 2697 4141 hier
3020 4086 3229 4146 und

719 4294 1083 4354 macht
1288 4284 1479 4344 mir
1701 4282 1955 4342 viel
2160 4294 3223 4354 Vergnügen;
3286 4312 3334 4372 er

716 4505 861 4565 iſt
972 4506 1098 4566 ein
1354 4510 1884 4570 lieber,
1940 4512 2377 4572 ſachter
2614 4512 3126 4572 Menſch

704 4734 1649 4794 geworden;
1701 4738 1901 4798 aber
2087 4736 2488 4796 Talent
2687 4734 2874 4794 hat
2979 4732 3019 4792 er

638 4936 1000 4996 wohl
1116 4951 1549 5011 nicht,
1617 4949 1662 5009 er
1846 4943 2027 5003 das
2302 4929 2483 4989 uns
2642 4922 2780 4982 ein
3007 4928 3511 4988 Vars¬

627 5144 1368 5204 Drama:
1456 5150 1932 5210 Verſe,
1976 5147 2155 5207 aber
2408 5146 2778 5206 keine
2926 5160 3505 5220 Poeſie!

758 5367 1198 5427 Armer
1309 5359 1804 5419 Burſch.
1861 5351 1952 5411 Er
2154 5348 2596 5408 möchte
2723 5355 2778 5415 ſo
2889 5379 3329 5439 gern,

1792 442 3431 526 Gruß an Richard!
