3989 5889
591 681 953 741 ruhig
1077 684 1367 744 und
1515 679 1929 739 ehrlich
2050 670 2367 730 und
2536 666 2757 726 Dir
2926 671 3412 731 ſelbſt

755 903 1218 963 getren
1459 903 1510 963 –
1784 897 1854 957 ſo
1989 892 2265 952 gibt
2437 885 2676 945 mir
2986 888 3260 948 das

807 1122 960 1182 ein
1151 1122 1533 1182 recht
1705 1120 2222 1180 ſtolzes
2413 1118 2889 1178 Bild,
2967 1112 3309 1172 und

753 1344 842 1404 es
934 1343 1090 1403 iſt
1250 1337 1817 1397 beinahr
2087 1329 2428 1389 noch
2654 1326 3266 1386 ſchöner

739 1554 972 1614 als
1104 1550 1387 1610 Dein
1654 1536 2154 1596 Stück.
2305 1532 2420 1592 Ob
2706 1534 2989 1594 Daß
3189 1549 3354 1609 die

705 1779 1274 1839 gemale
1470 1759 1972 1819 Daun
2216 1752 2607 1812 keine
2819 1754 3549 1814 Schwie¬

685 1974 1355 2034 rigkeiten
1580 1978 1982 2038 mehr
2296 1987 2855 2047 macht,
3035 2001 3257 2061 iſt
3371 2015 3660 2075 gut

792 2211 962 2271 Sie
1151 2210 1494 2270 wird
1716 2206 2109 2266 wohl
2299 2202 2846 2262 wieder
3103 2202 3514 2262 an¬

755 2429 1507 2489 fangen;
1692 2432 1966 2492 aber
2132 2432 2296 2492 ſie
2517 2430 2939 2490 kann
3178 2438 3582 2498 nichts

643 2666 979 2726 mehr
1247 2654 1952 2714 verderben
2287 2637 2672 2697 und
2925 2628 3445 2688 wenn

811 2858 979 2918 ich
1150 2858 1317 2918 ihr
1544 2854 1879 2914 auch
2022 2849 2333 2909 alle
2528 2848 3006 2908 Trufel
3233 2860 3400 2920 der

784 3076 1161 3136 Hälle
1410 3060 1513 3120 im
1815 3059 2142 3119 Leibe
2465 3068 3247 3128 ſäßen.
3346 3060 3371 3120 O

778 3284 1080 3344 das
1316 3300 2322 3360 Burgtheater
2555 3314 2789 3374 das
2953 3311 3327 3371 Rck

783 3516 1096 3576 jetzt
1185 3520 1431 3580 oder
1656 3515 1747 3575 in
1994 3510 2149 3570 der
2532 3518 3360 3578 möchſten

840 3739 1333 3799 Soiſon
1567 3739 2153 3799 ſpielt,
2223 3730 2436 3790 iſt
2693 3722 3279 3782 vollig

862 3954 1273 4014 gleich
1350 3953 1787 4013 geltig
2097 3946 2303 4006 Dir
2585 3963 3203 4023 zuliebe

746 4174 1257 4234 möchte
1466 4160 1606 4220 ich
1793 4164 2790 4224 wünſchen,
2977 4184 3209 4244 daß

773 4392 885 4452 es
1040 4394 1378 4454 bald
1548 4391 2225 4451 wäre.
2451 4390 2691 4450 Mir
2874 4399 3396 4459 wären

671 4574 785 4634 es
899 4602 1636 4662 lieber,
1682 4604 1864 4664 ich
2026 4595 2394 4655 hätte
2556 4584 2832 4644 Dich
3037 4579 3404 4639 noch

758 4809 958 4869 ein
1189 4825 1676 4885 halbes
1904 4823 2192 4883 Jahr
2423 4836 3601 4896 unaufgeführt,

667 5012 846 5072 Der
1009 5035 1870 5095 Schnitzler
2033 5086 2408 5146 der,
2555 5102 2897 5162 zum

700 5277 1598 5337 tangrollſten
1806 5301 2778 5361 Namunkreis
2927 5367 3547 5427 noderner
