3953 5824
1965 1066 2490 1126 Paris,
2573 1074 2760 1134 21.
2844 1085 3575 1145 December.

900 1728 1329 1788 Schöne
1478 1729 2185 1789 Geſchichte,
2337 1732 2680 1792 mein
2872 1727 3258 1787 lieber

705 1925 1368 1985 Freund!
1578 1936 1719 1996 Ich
1823 1944 2592 2004 bekomme
2820 1957 3082 2017 eben

690 2164 1186 2224 Deinen
1407 2170 1957 2230 Brief,
2050 2172 2196 2232 die
2344 2172 3151 2232 Unſitkarte
3226 2167 3408 2227 iſt

616 2398 1279 2458 darin,
1345 2386 1536 2446 das
1708 2384 2008 2444 Geld
2180 2386 2331 2446 iſt
2522 2391 3487 2451 herausge¬

596 2617 1356 2677 Mamen.
1541 2597 1794 2657 Auf
1911 2590 2164 2650 dem
2441 2589 3249 2649 Umſchlag

573 2832 688 2892 iſt
822 2821 978 2881 ein
1249 2808 1925 2868 Vermurt
2196 2806 2333 2866 der
2604 2816 3589 2876 franzöſiſchen

658 3037 878 3097 ſoſt
1011 3042 1098 3102 zu
1210 3042 1739 3102 leſen,
1937 3035 2179 3095 daß
2486 3026 2640 3086 der
2860 3016 3213 3076 Brief

580 3257 801 3317 mit
911 3260 1202 3320 einer
1423 3256 1536 3316 Oh
1602 3249 2114 3309 fnung
2313 3242 3581 3302 von?Centimeter

607 3472 1602 3532 angekommen
1759 3476 2150 3536 iſt,
2208 3476 2676 3536 welche
2833 3476 3535 3536 Offnung

658 3680 801 3740 die
946 3688 1214 3748 Poſt
1377 3694 2427 3754 gewiſſenhaft
2634 3683 3478 3743 verblebt

650 3911 1248 3971 verklebt
1448 3897 1630 3957 hat
1738 3892 1776 3952 –
2066 3882 2666 3942 nachdem
2992 3888 3227 3948 das

704 4123 971 4183 Geld
1129 4119 2638 4179 herausgenoumen
2889 4118 3612 4178 worden.

631 4352 700 4412 zu
978 4339 1514 4399 machen
1686 4332 1843 4392 iſt
2084 4330 2155 4390 da
2448 4330 2863 4390 kaum
3072 4344 3591 4404 etwas

639 4540 774 4600 Ich
890 4557 1220 4617 richte
1433 4562 1840 4622 ſofort
2016 4555 2344 4615 eine
2539 4552 3605 4612 Reclamation

694 4769 847 4829 an
975 4779 1132 4839 die
1365 4775 2317 4835 Eianzöſiſche
2499 4760 2936 4820 Poſt,
3064 4770 3502 4830 woge

667 4994 814 5054 ich
1018 4991 1243 5051 das
1539 4984 2283 5044 Convert
2543 4982 3155 5042 brauche

918 5213 1306 5273 ſonſt
1464 5210 1830 5270 hätte
2013 5203 2148 5263 ich
2331 5198 2697 5258 dirs
2857 5196 3493 5256 geſchickt
