<?xml version="1.0" encoding="UTF-8" standalone="yes"?>
<PcGts xmlns="http://schema.primaresearch.org/PAGE/gts/pagecontent/2013-07-15" xmlns:xsi="http://www.w3.org/2001/XMLSchema-instance" xsi:schemaLocation="http://schema.primaresearch.org/PAGE/gts/pagecontent/2013-07-15 http://schema.primaresearch.org/PAGE/gts/pagecontent/2013-07-15/pagecontent.xsd">
    <Metadata>
        <Creator>prov=READ-COOP:name=PyLaia@TranskribusPlatform:version=0.7.8:model_id=45551:lm=none:date=02_11_2022_08:46
prov=READ-COOP:name=PyLaia@Transkribus:version=0.7.8:model_id=45551:date=02_11_2022_08:46
prov=University of Rostock/Institute of Mathematics/CITlab|PLANET AI GmbH/Tobias Gruening/tobias.gruening@planet-ai.de:name=de.uros.citlab.module.baseline2polygon.B2PSeamMultiOriented:v=2.6.7</Creator>
        <Created>2022-03-31T12:07:49.406+02:00</Created>
        <LastChange>2022-11-29T17:17:37.315+01:00</LastChange>
        <TranskribusMetadata docId="958780" pageId="37204017" pageNr="17" tsid="105334119" status="IN_PROGRESS" userId="64420" imgUrl="https://files.transkribus.eu/Get?id=TCLRTXMDFIYXUBWXWDFPRESO&amp;fileType=view" xmlUrl="https://files.transkribus.eu/Get?id=FLWLVQXKNBUHVXQQLQQTJUCQ" imageId="30004189"/>
    </Metadata>
    <Page imageFilename="DLA_68_00020 HS.NZ85.1.3168_0011-1.jpg" imageWidth="3967" imageHeight="5840">
        <ReadingOrder>
            <OrderedGroup id="ro_1670323167400" caption="Regions reading order">
                <RegionRefIndexed index="0" regionRef="r2"/>
            </OrderedGroup>
        </ReadingOrder>
        <TextRegion orientation="0.0" id="r2" custom="readingOrder {index:0;}">
            <Coords points="502,777 502,5203 3430,5203 3430,777"/>
            <TextLine id="r2l1" custom="readingOrder {index:0;}">
                <Coords points="604,987 737,1042 1265,884 1483,974 1735,876 2010,958 2401,872 2999,916 2947,728 2407,822 1356,669 1100,750 602,727"/>
                <Baseline points="622,878 740,884 858,890 976,892 1094,894 1212,896 1330,896 1448,894 1566,892 1684,890 1802,888 1920,885 2038,882 2156,879 2274,876 2392,874 2510,872 2628,872 2746,872 2864,872 2982,874"/>
                <Word id="r2l1_w1" custom="readingOrder {index:0;}">
                    <Coords points="616,848 616,908 1022,908 1022,848"/>
                    <TextEquiv>
                        <Unicode>Sache</Unicode>
                    </TextEquiv>
                </Word>
                <Word id="r2l1_w2" custom="readingOrder {index:1;}">
                    <Coords points="1121,856 1121,916 1466,916 1466,856"/>
                    <TextEquiv>
                        <Unicode>kann</Unicode>
                    </TextEquiv>
                </Word>
                <Word id="r2l1_w3" custom="readingOrder {index:2;}">
                    <Coords points="1627,849 1627,909 1812,909 1812,849"/>
                    <TextEquiv>
                        <Unicode>ſich</Unicode>
                    </TextEquiv>
                </Word>
                <Word id="r2l1_w4" custom="readingOrder {index:3;}">
                    <Coords points="1898,839 1898,899 2354,899 2354,839"/>
                    <TextEquiv>
                        <Unicode>immer</Unicode>
                    </TextEquiv>
                </Word>
                <Word id="r2l1_w5" custom="readingOrder {index:4;}">
                    <Coords points="2662,832 2662,892 2909,892 2909,832"/>
                    <TextEquiv>
                        <Unicode>noch</Unicode>
                    </TextEquiv>
                </Word>
                <TextEquiv>
                    <Unicode>Sache kann ſich immer noch</Unicode>
                </TextEquiv>
            </TextLine>
            <TextLine id="r2l2" custom="readingOrder {index:1;}">
                <Coords points="623,1110 1011,1210 2071,1103 2303,1252 3321,1149 3321,1067 2826,882 2420,1046 1662,914 1449,1050 986,954 623,1021"/>
                <Baseline points="642,1098 775,1102 908,1104 1041,1106 1174,1106 1307,1106 1440,1106 1573,1104 1706,1102 1839,1100 1973,1098 2106,1098 2239,1096 2372,1096 2505,1096 2638,1096 2771,1098 2904,1101 3037,1106 3170,1111 3304,1118"/>
                <Word id="r2l2_w1" custom="readingOrder {index:0;}">
                    <Coords points="638,1061 638,1121 847,1121 847,1061"/>
                    <TextEquiv>
                        <Unicode>in</Unicode>
                    </TextEquiv>
                </Word>
                <Word id="r2l2_w2" custom="readingOrder {index:1;}">
                    <Coords points="899,1066 899,1126 1291,1126 1291,1066"/>
                    <TextEquiv>
                        <Unicode>letzter</Unicode>
                    </TextEquiv>
                </Word>
                <Word id="r2l2_w3" custom="readingOrder {index:2;}">
                    <Coords points="1539,1060 1539,1120 2049,1120 2049,1060"/>
                    <TextEquiv>
                        <Unicode>Stunde</Unicode>
                    </TextEquiv>
                </Word>
                <Word id="r2l2_w4" custom="readingOrder {index:3;}">
                    <Coords points="2167,1056 2167,1116 3238,1116 3238,1056"/>
                    <TextEquiv>
                        <Unicode>zerſchlagen.</Unicode>
                    </TextEquiv>
                </Word>
                <TextEquiv>
                    <Unicode>in letzter Stunde zerſchlagen.</Unicode>
                </TextEquiv>
            </TextLine>
            <TextLine id="r2l3" custom="readingOrder {index:2;} structure {type:paragraph;}">
                <Coords points="1359,1367 1833,1319 2217,1475 2445,1314 2691,1431 2843,1320 3157,1454 3448,1329 3448,1208 3014,1163 2078,1272 1953,1198 1797,1269 1359,1196"/>
                <Baseline points="1376,1320 1478,1320 1581,1320 1684,1320 1786,1320 1889,1320 1992,1320 2094,1319 2197,1318 2300,1318 2403,1318 2505,1318 2608,1316 2711,1316 2813,1316 2916,1316 3019,1316 3121,1316 3224,1316 3327,1316 3430,1318"/>
                <Word id="r2l3_w1" custom="readingOrder {index:0;}">
                    <Coords points="1373,1280 1373,1340 1779,1340 1779,1280"/>
                    <TextEquiv>
                        <Unicode>Mir</Unicode>
                    </TextEquiv>
                </Word>
                <Word id="r2l3_w2" custom="readingOrder {index:1;}">
                    <Coords points="1879,1280 1879,1340 2001,1340 2001,1280"/>
                    <TextEquiv>
                        <Unicode>iſt</Unicode>
                    </TextEquiv>
                </Word>
                <Word id="r2l3_w3" custom="readingOrder {index:2;}">
                    <Coords points="2186,1278 2186,1338 2446,1338 2446,1278"/>
                    <TextEquiv>
                        <Unicode>recht</Unicode>
                    </TextEquiv>
                </Word>
                <Word id="r2l3_w4" custom="readingOrder {index:3;}">
                    <Coords points="2568,1276 2568,1336 3407,1336 3407,1276"/>
                    <TextEquiv>
                        <Unicode>unheimlich.</Unicode>
                    </TextEquiv>
                </Word>
                <TextEquiv>
                    <Unicode>Mir iſt recht unheimlich.</Unicode>
                </TextEquiv>
            </TextLine>
            <TextLine id="r2l4" custom="readingOrder {index:3;}">
                <Coords points="534,1658 1217,1526 2242,1522 2424,1642 2662,1537 3413,1568 3412,1436 3255,1391 1910,1475 1742,1390 1241,1486 1080,1374 532,1370"/>
                <Baseline points="550,1524 692,1528 834,1532 976,1534 1119,1536 1261,1536 1403,1536 1546,1534 1688,1534 1830,1532 1973,1530 2115,1528 2257,1526 2399,1524 2542,1522 2684,1520 2826,1518 2969,1518 3111,1518 3253,1518 3396,1518"/>
                <Word id="r2l4_w1" custom="readingOrder {index:0;}">
                    <Coords points="545,1487 545,1547 793,1547 793,1487"/>
                    <TextEquiv>
                        <Unicode>Ich</Unicode>
                    </TextEquiv>
                </Word>
                <Word id="r2l4_w2" custom="readingOrder {index:1;}">
                    <Coords points="863,1495 863,1555 1347,1555 1347,1495"/>
                    <TextEquiv>
                        <Unicode>glaube,</Unicode>
                    </TextEquiv>
                </Word>
                <Word id="r2l4_w3" custom="readingOrder {index:2;}">
                    <Coords points="1476,1494 1476,1554 1595,1554 1595,1494"/>
                    <TextEquiv>
                        <Unicode>ich</Unicode>
                    </TextEquiv>
                </Word>
                <Word id="r2l4_w4" custom="readingOrder {index:3;}">
                    <Coords points="1724,1490 1724,1550 2207,1550 2207,1490"/>
                    <TextEquiv>
                        <Unicode>komme</Unicode>
                    </TextEquiv>
                </Word>
                <Word id="r2l4_w5" custom="readingOrder {index:4;}">
                    <Coords points="2360,1482 2360,1542 2644,1542 2644,1482"/>
                    <TextEquiv>
                        <Unicode>nicht</Unicode>
                    </TextEquiv>
                </Word>
                <Word id="r2l4_w6" custom="readingOrder {index:5;}">
                    <Coords points="2773,1478 2773,1538 3280,1538 3280,1478"/>
                    <TextEquiv>
                        <Unicode>lebendig</Unicode>
                    </TextEquiv>
                </Word>
                <TextEquiv>
                    <Unicode>Ich glaube, ich komme nicht lebendig</Unicode>
                </TextEquiv>
            </TextLine>
            <TextLine id="r2l5" custom="readingOrder {index:4;}">
                <Coords points="584,1829 1057,1730 1954,1817 2185,1745 3096,1778 3149,1621 2857,1677 2529,1582 1921,1686 1408,1557 583,1698"/>
                <Baseline points="602,1756 728,1752 855,1748 981,1746 1108,1744 1234,1743 1361,1742 1487,1742 1614,1742 1740,1743 1867,1744 1993,1744 2120,1744 2246,1744 2373,1744 2499,1742 2626,1740 2752,1738 2879,1735 3005,1730 3132,1726"/>
                <Word id="r2l5_w1" custom="readingOrder {index:0;}">
                    <Coords points="592,1707 592,1767 1197,1767 1197,1707"/>
                    <TextEquiv>
                        <Unicode>zurück.</Unicode>
                    </TextEquiv>
                </Word>
                <Word id="r2l5_w2" custom="readingOrder {index:1;}">
                    <Coords points="1409,1702 1409,1762 1639,1762 1639,1702"/>
                    <TextEquiv>
                        <Unicode>das</Unicode>
                    </TextEquiv>
                </Word>
                <Word id="r2l5_w3" custom="readingOrder {index:2;}">
                    <Coords points="1745,1704 1745,1764 2149,1764 2149,1704"/>
                    <TextEquiv>
                        <Unicode>wäre</Unicode>
                    </TextEquiv>
                </Word>
                <Word id="r2l5_w4" custom="readingOrder {index:3;}">
                    <Coords points="2294,1703 2294,1763 2572,1763 2572,1703"/>
                    <TextEquiv>
                        <Unicode>aber</Unicode>
                    </TextEquiv>
                </Word>
                <Word id="r2l5_w5" custom="readingOrder {index:4;}">
                    <Coords points="2774,1693 2774,1753 3053,1753 3053,1693"/>
                    <TextEquiv>
                        <Unicode>noch</Unicode>
                    </TextEquiv>
                </Word>
                <TextEquiv>
                    <Unicode>zurück. Das wäre aber noch</Unicode>
                </TextEquiv>
            </TextLine>
            <TextLine id="r2l6" custom="readingOrder {index:5;}">
                <Coords points="536,2114 1808,1945 1994,2028 2783,1958 3083,2086 3363,1993 3361,1833 3123,1861 2951,1753 2554,1890 1579,1906 880,1804 533,1908"/>
                <Baseline points="552,1972 691,1976 831,1978 970,1978 1110,1978 1250,1978 1389,1978 1529,1976 1668,1974 1808,1972 1948,1970 2087,1968 2227,1964 2366,1962 2506,1959 2646,1956 2785,1954 2925,1952 3064,1950 3204,1948 3344,1948"/>
                <Word id="r2l6_w1" custom="readingOrder {index:0;}">
                    <Coords points="549,1936 549,1996 858,1996 858,1936"/>
                    <TextEquiv>
                        <Unicode>nicht</Unicode>
                    </TextEquiv>
                </Word>
                <Word id="r2l6_w2" custom="readingOrder {index:1;}">
                    <Coords points="925,1938 925,1998 1033,1998 1033,1938"/>
                    <TextEquiv>
                        <Unicode>ſo</Unicode>
                    </TextEquiv>
                </Word>
                <Word id="r2l6_w3" custom="readingOrder {index:2;}">
                    <Coords points="1167,1936 1167,1996 1852,1996 1852,1936"/>
                    <TextEquiv>
                        <Unicode>ſchlien,</Unicode>
                    </TextEquiv>
                </Word>
                <Word id="r2l6_w4" custom="readingOrder {index:3;}">
                    <Coords points="1961,1926 1961,1986 2310,1986 2310,1926"/>
                    <TextEquiv>
                        <Unicode>wie</Unicode>
                    </TextEquiv>
                </Word>
                <Word id="r2l6_w5" custom="readingOrder {index:4;}">
                    <Coords points="2445,1918 2445,1978 2632,1978 2632,1918"/>
                    <TextEquiv>
                        <Unicode>die</Unicode>
                    </TextEquiv>
                </Word>
                <Word id="r2l6_w6" custom="readingOrder {index:5;}">
                    <Coords points="2793,1910 2793,1970 3251,1970 3251,1910"/>
                    <TextEquiv>
                        <Unicode>Furcht</Unicode>
                    </TextEquiv>
                </Word>
                <TextEquiv>
                    <Unicode>nicht ſo ſchlimm, wie die Furcht</Unicode>
                </TextEquiv>
            </TextLine>
            <TextLine id="r2l7" custom="readingOrder {index:6;}">
                <Coords points="602,2184 1531,2165 1785,2288 2061,2182 2287,2322 3186,2190 3185,2076 2900,2000 2786,2076 2555,2014 2235,2106 2113,2028 602,2127"/>
                <Baseline points="620,2180 747,2176 874,2172 1001,2171 1129,2170 1256,2168 1383,2168 1511,2168 1638,2170 1765,2170 1893,2170 2020,2170 2147,2170 2274,2168 2402,2168 2529,2166 2656,2162 2784,2160 2911,2155 3038,2148 3166,2140"/>
                <Word id="r2l7_w1" custom="readingOrder {index:0;}">
                    <Coords points="615,2136 615,2196 867,2196 867,2136"/>
                    <TextEquiv>
                        <Unicode>vor</Unicode>
                    </TextEquiv>
                </Word>
                <Word id="r2l7_w2" custom="readingOrder {index:1;}">
                    <Coords points="986,2130 986,2190 1155,2190 1155,2130"/>
                    <TextEquiv>
                        <Unicode>der</Unicode>
                    </TextEquiv>
                </Word>
                <Word id="r2l7_w3" custom="readingOrder {index:2;}">
                    <Coords points="1263,2128 1263,2188 1658,2188 1658,2128"/>
                    <TextEquiv>
                        <Unicode>neuen</Unicode>
                    </TextEquiv>
                </Word>
                <Word id="r2l7_w4" custom="readingOrder {index:3;}">
                    <Coords points="1850,2127 1850,2187 3063,2187 3063,2127"/>
                    <TextEquiv>
                        <Unicode>jaunaliſtiſchen</Unicode>
                    </TextEquiv>
                </Word>
                <TextEquiv>
                    <Unicode>vor der neuen journaliſtiſchen</Unicode>
                </TextEquiv>
            </TextLine>
            <TextLine id="r2l8" custom="readingOrder {index:7;}">
                <Coords points="626,2453 996,2494 1491,2378 1794,2523 1982,2394 2327,2382 2555,2544 2722,2408 3409,2420 3408,2292 3013,2204 2515,2317 2027,2248 1376,2347 1081,2209 889,2338 625,2307"/>
                <Baseline points="642,2400 779,2398 916,2396 1054,2392 1191,2392 1329,2390 1466,2388 1603,2386 1741,2384 1878,2384 2016,2382 2153,2382 2290,2382 2428,2382 2565,2382 2703,2382 2840,2384 2977,2385 3115,2386 3252,2388 3390,2392"/>
                <Word id="r2l8_w1" custom="readingOrder {index:0;}">
                    <Coords points="638,2352 638,2412 1466,2412 1466,2352"/>
                    <TextEquiv>
                        <Unicode>Aufgabe,</Unicode>
                    </TextEquiv>
                </Word>
                <Word id="r2l8_w2" custom="readingOrder {index:1;}">
                    <Coords points="1537,2345 1537,2405 1714,2405 1714,2345"/>
                    <TextEquiv>
                        <Unicode>der</Unicode>
                    </TextEquiv>
                </Word>
                <Word id="r2l8_w3" custom="readingOrder {index:2;}">
                    <Coords points="1833,2343 1833,2403 1963,2403 1963,2343"/>
                    <TextEquiv>
                        <Unicode>ich</Unicode>
                    </TextEquiv>
                </Word>
                <Word id="r2l8_w4" custom="readingOrder {index:3;}">
                    <Coords points="2377,2342 2377,2402 2697,2402 2697,2342"/>
                    <TextEquiv>
                        <Unicode>wohl</Unicode>
                    </TextEquiv>
                </Word>
                <Word id="r2l8_w5" custom="readingOrder {index:4;}">
                    <Coords points="2826,2345 2826,2405 3276,2405 3276,2345"/>
                    <TextEquiv>
                        <Unicode>kaum</Unicode>
                    </TextEquiv>
                </Word>
                <TextEquiv>
                    <Unicode>Aufgabe, der ich wohl kaum</Unicode>
                </TextEquiv>
            </TextLine>
            <TextLine id="r2l9" custom="readingOrder {index:8;}">
                <Coords points="512,2722 990,2771 1206,2676 1395,2762 1699,2600 3316,2671 3381,2478 1783,2531 1347,2374 883,2567 509,2526"/>
                <Baseline points="528,2618 669,2620 811,2620 953,2620 1095,2618 1237,2616 1378,2614 1520,2610 1662,2606 1804,2602 1946,2598 2087,2594 2229,2592 2371,2588 2513,2586 2655,2584 2796,2584 2938,2585 3080,2587 3222,2590 3364,2594"/>
                <Word id="r2l9_w1" custom="readingOrder {index:0;}">
                    <Coords points="524,2580 524,2640 1364,2640 1364,2580"/>
                    <TextEquiv>
                        <Unicode>gewächſen</Unicode>
                    </TextEquiv>
                </Word>
                <Word id="r2l9_w2" custom="readingOrder {index:1;}">
                    <Coords points="1532,2565 1532,2625 1803,2625 1803,2565"/>
                    <TextEquiv>
                        <Unicode>ſein</Unicode>
                    </TextEquiv>
                </Word>
                <Word id="r2l9_w3" custom="readingOrder {index:2;}">
                    <Coords points="1931,2552 1931,2612 2500,2612 2500,2552"/>
                    <TextEquiv>
                        <Unicode>werde!</Unicode>
                    </TextEquiv>
                </Word>
                <Word id="r2l9_w4" custom="readingOrder {index:3;}">
                    <Coords points="2694,2544 2694,2604 2875,2604 2875,2544"/>
                    <TextEquiv>
                        <Unicode>In</Unicode>
                    </TextEquiv>
                </Word>
                <Word id="r2l9_w5" custom="readingOrder {index:4;}">
                    <Coords points="2992,2547 2992,2607 3186,2607 3186,2547"/>
                    <TextEquiv>
                        <Unicode>der</Unicode>
                    </TextEquiv>
                </Word>
                <TextEquiv>
                    <Unicode>gewachſen ſein werde: In der</Unicode>
                </TextEquiv>
            </TextLine>
            <TextLine id="r2l10" custom="readingOrder {index:9;}">
                <Coords points="544,2960 1329,2820 1985,2898 2176,2814 3158,2827 3156,2709 2855,2760 2686,2670 2349,2758 2042,2666 1883,2765 1682,2672 1399,2762 540,2718"/>
                <Baseline points="560,2858 689,2853 818,2848 947,2846 1076,2842 1205,2840 1334,2837 1463,2836 1592,2834 1721,2832 1850,2830 1979,2828 2108,2828 2237,2826 2366,2824 2495,2823 2624,2820 2753,2818 2882,2817 3011,2814 3140,2812"/>
                <Word id="r2l10_w1" custom="readingOrder {index:0;}">
                    <Coords points="551,2810 551,2870 952,2870 952,2810"/>
                    <TextEquiv>
                        <Unicode>Haſt</Unicode>
                    </TextEquiv>
                </Word>
                <Word id="r2l10_w2" custom="readingOrder {index:1;}">
                    <Coords points="1083,2798 1083,2858 1430,2858 1430,2798"/>
                    <TextEquiv>
                        <Unicode>einer</Unicode>
                    </TextEquiv>
                </Word>
                <Word id="r2l10_w3" custom="readingOrder {index:2;}">
                    <Coords points="1626,2789 1626,2849 2102,2849 2102,2789"/>
                    <TextEquiv>
                        <Unicode>Reiſe,</Unicode>
                    </TextEquiv>
                </Word>
                <Word id="r2l10_w4" custom="readingOrder {index:3;}">
                    <Coords points="2233,2784 2233,2844 2374,2844 2374,2784"/>
                    <TextEquiv>
                        <Unicode>in</Unicode>
                    </TextEquiv>
                </Word>
                <Word id="r2l10_w5" custom="readingOrder {index:4;}">
                    <Coords points="2483,2777 2483,2837 3058,2837 3058,2777"/>
                    <TextEquiv>
                        <Unicode>einem</Unicode>
                    </TextEquiv>
                </Word>
                <TextEquiv>
                    <Unicode>Haſt einer Reiſe, in einem</Unicode>
                </TextEquiv>
            </TextLine>
            <TextLine id="r2l11" custom="readingOrder {index:10;}">
                <Coords points="574,3142 1007,3101 1116,3166 1689,3026 2805,3089 2852,2945 2619,2868 2439,2972 2009,2977 1772,2871 1468,2988 1032,2929 571,3000"/>
                <Baseline points="592,3084 704,3077 816,3073 928,3068 1040,3063 1153,3059 1265,3054 1377,3051 1489,3048 1601,3044 1714,3041 1826,3038 1938,3037 2050,3036 2162,3034 2275,3034 2387,3034 2499,3034 2611,3036 2723,3038 2836,3040"/>
                <Word id="r2l11_w1" custom="readingOrder {index:0;}">
                    <Coords points="581,3025 581,3085 1395,3085 1395,3025"/>
                    <TextEquiv>
                        <Unicode>feindlichen</Unicode>
                    </TextEquiv>
                </Word>
                <Word id="r2l11_w2" custom="readingOrder {index:1;}">
                    <Coords points="1521,2997 1521,3057 2229,3057 2229,2997"/>
                    <TextEquiv>
                        <Unicode>Klinde,</Unicode>
                    </TextEquiv>
                </Word>
                <Word id="r2l11_w3" custom="readingOrder {index:2;}">
                    <Coords points="2313,2994 2313,3054 2705,3054 2705,2994"/>
                    <TextEquiv>
                        <Unicode>unter</Unicode>
                    </TextEquiv>
                </Word>
                <TextEquiv>
                    <Unicode>feindlichen Klima, unter</Unicode>
                </TextEquiv>
            </TextLine>
            <TextLine id="r2l12" custom="readingOrder {index:11;}">
                <Coords points="562,3386 818,3417 1136,3265 3173,3297 3170,3162 2848,3075 2654,3171 2254,3060 1904,3198 1318,3070 897,3209 558,3190"/>
                <Baseline points="576,3270 704,3270 833,3270 962,3268 1091,3268 1220,3266 1349,3264 1478,3262 1607,3258 1736,3256 1865,3254 1993,3250 2122,3248 2251,3244 2380,3242 2509,3240 2638,3238 2767,3236 2896,3234 3025,3232 3154,3232"/>
                <Word id="r2l12_w1" custom="readingOrder {index:0;}">
                    <Coords points="572,3230 572,3290 913,3290 913,3230"/>
                    <TextEquiv>
                        <Unicode>ganz</Unicode>
                    </TextEquiv>
                </Word>
                <Word id="r2l12_w2" custom="readingOrder {index:1;}">
                    <Coords points="1010,3223 1010,3283 1815,3283 1815,3223"/>
                    <TextEquiv>
                        <Unicode>veränderten</Unicode>
                    </TextEquiv>
                </Word>
                <Word id="r2l12_w3" custom="readingOrder {index:2;}">
                    <Coords points="1938,3204 1938,3264 2510,3264 2510,3204"/>
                    <TextEquiv>
                        <Unicode>Lebens.</Unicode>
                    </TextEquiv>
                </Word>
                <Word id="r2l12_w4" custom="readingOrder {index:3;}">
                    <Coords points="2669,3194 2669,3254 3060,3254 3060,3194"/>
                    <TextEquiv>
                        <Unicode>Ver¬</Unicode>
                    </TextEquiv>
                </Word>
                <TextEquiv>
                    <Unicode>ganz veränderten Lebens-Ver¬</Unicode>
                </TextEquiv>
            </TextLine>
            <TextLine id="r2l13" custom="readingOrder {index:12;}">
                <Coords points="737,3481 918,3465 1183,3616 1552,3477 2969,3528 2967,3375 2537,3407 2369,3302 2192,3400 1921,3392 1760,3293 1590,3395 1294,3323 1124,3406 988,3304 736,3403"/>
                <Baseline points="754,3462 863,3467 973,3472 1083,3476 1193,3478 1303,3480 1413,3480 1523,3480 1633,3478 1743,3478 1853,3475 1962,3473 2072,3470 2182,3468 2292,3466 2402,3462 2512,3460 2622,3458 2732,3458 2842,3456 2952,3456"/>
                <Word id="r2l13_w1" custom="readingOrder {index:0;}">
                    <Coords points="747,3436 747,3496 1422,3496 1422,3436"/>
                    <TextEquiv>
                        <Unicode>haltniſſen</Unicode>
                    </TextEquiv>
                </Word>
                <Word id="r2l13_w2" custom="readingOrder {index:1;}">
                    <Coords points="1626,3432 1626,3492 2324,3492 2324,3432"/>
                    <TextEquiv>
                        <Unicode>Eindrücke</Unicode>
                    </TextEquiv>
                </Word>
                <Word id="r2l13_w3" custom="readingOrder {index:2;}">
                    <Coords points="2560,3418 2560,3478 2817,3478 2817,3418"/>
                    <TextEquiv>
                        <Unicode>von</Unicode>
                    </TextEquiv>
                </Word>
                <TextEquiv>
                    <Unicode>hältniſſen Eindrücke von</Unicode>
                </TextEquiv>
            </TextLine>
            <TextLine id="r2l14" custom="readingOrder {index:13;} textStyle {offset:18; length:1;strikethrough:true; fontSize:0.0; kerning:0;} gap {offset:18; length:0;} textStyle {offset:20; length:3;strikethrough:true; fontSize:0.0; kerning:0;} unclear {offset:21; length:1;}">
                <Coords points="588,3699 1549,3737 1788,3840 1923,3739 3361,3701 3360,3563 2940,3636 2748,3537 2207,3642 1495,3510 1186,3614 769,3538 588,3606"/>
                <Baseline points="606,3690 742,3690 879,3690 1016,3692 1153,3692 1290,3692 1426,3692 1563,3692 1700,3690 1837,3690 1974,3690 2110,3689 2247,3688 2384,3688 2521,3686 2658,3686 2794,3684 2931,3684 3068,3682 3205,3680 3342,3680"/>
                <Word id="r2l14_w1" custom="readingOrder {index:0;}">
                    <Coords points="602,3651 602,3711 1313,3711 1313,3651"/>
                    <TextEquiv>
                        <Unicode>Ländern</Unicode>
                    </TextEquiv>
                </Word>
                <Word id="r2l14_w2" custom="readingOrder {index:1;}">
                    <Coords points="1424,3652 1424,3712 1586,3712 1586,3652"/>
                    <TextEquiv>
                        <Unicode>zu</Unicode>
                    </TextEquiv>
                </Word>
                <Word id="r2l14_w3" custom="readingOrder {index:2;}">
                    <Coords points="1736,3649 1736,3709 2348,3709 2348,3649"/>
                    <TextEquiv>
                        <Unicode>geben,</Unicode>
                    </TextEquiv>
                </Word>
                <Word id="r2l14_w4" custom="readingOrder {index:3;}">
                    <Coords points="2422,3646 2422,3706 2696,3706 2696,3646"/>
                    <TextEquiv>
                        <Unicode>he</Unicode>
                    </TextEquiv>
                </Word>
                <Word id="r2l14_w5" custom="readingOrder {index:4;}">
                    <Coords points="2984,3641 2984,3701 3258,3701 3258,3641"/>
                    <TextEquiv>
                        <Unicode>von</Unicode>
                    </TextEquiv>
                </Word>
                <TextEquiv>
                    <Unicode>Ländern zu geben, X für von</Unicode>
                </TextEquiv>
            </TextLine>
            <TextLine id="r2l15" custom="readingOrder {index:14;}">
                <Coords points="567,3916 2571,3933 2951,3882 2950,3790 566,3827"/>
                <Baseline points="584,3908 701,3908 819,3908 936,3910 1054,3910 1171,3910 1289,3910 1406,3910 1524,3910 1641,3910 1759,3910 1876,3908 1994,3906 2111,3904 2229,3902 2346,3900 2464,3896 2581,3892 2699,3888 2816,3882 2934,3876"/>
                <Word id="r2l15_w1" custom="readingOrder {index:0;}">
                    <Coords points="570,3868 570,3928 1052,3928 1052,3868"/>
                    <TextEquiv>
                        <Unicode>denen</Unicode>
                    </TextEquiv>
                </Word>
                <Word id="r2l15_w2" custom="readingOrder {index:1;}">
                    <Coords points="1172,3870 1172,3930 1505,3930 1505,3870"/>
                    <TextEquiv>
                        <Unicode>man</Unicode>
                    </TextEquiv>
                </Word>
                <Word id="r2l15_w3" custom="readingOrder {index:2;}">
                    <Coords points="1676,3868 1676,3928 1965,3928 1965,3868"/>
                    <TextEquiv>
                        <Unicode>auch</Unicode>
                    </TextEquiv>
                </Word>
                <Word id="r2l15_w4" custom="readingOrder {index:3;}">
                    <Coords points="2196,3860 2196,3920 2470,3920 2470,3860"/>
                    <TextEquiv>
                        <Unicode>nicht</Unicode>
                    </TextEquiv>
                </Word>
                <Word id="r2l15_w5" custom="readingOrder {index:4;}">
                    <Coords points="2655,3845 2655,3905 2856,3905 2856,3845"/>
                    <TextEquiv>
                        <Unicode>die</Unicode>
                    </TextEquiv>
                </Word>
                <TextEquiv>
                    <Unicode>denen man auch nicht die</Unicode>
                </TextEquiv>
            </TextLine>
            <TextLine id="r2l16" custom="readingOrder {index:15;}">
                <Coords points="563,4157 800,4285 933,4165 1248,4269 1549,4153 1722,4289 2128,4138 3008,4136 3006,4029 2553,3999 2373,3892 1991,4049 1808,3942 1202,4078 886,3959 560,4022"/>
                <Baseline points="580,4154 700,4150 821,4147 941,4144 1062,4142 1182,4140 1303,4138 1423,4136 1544,4134 1664,4132 1785,4130 1905,4128 2026,4126 2146,4124 2267,4122 2387,4120 2508,4118 2628,4114 2749,4110 2869,4106 2990,4102"/>
                <Word id="r2l16_w1" custom="readingOrder {index:0;}">
                    <Coords points="580,4106 580,4166 1110,4166 1110,4106"/>
                    <TextEquiv>
                        <Unicode>leiſeſte</Unicode>
                    </TextEquiv>
                </Word>
                <Word id="r2l16_w2" custom="readingOrder {index:1;}">
                    <Coords points="1305,4093 1305,4153 1880,4153 1880,4093"/>
                    <TextEquiv>
                        <Unicode>Ahnung</Unicode>
                    </TextEquiv>
                </Word>
                <Word id="r2l16_w3" custom="readingOrder {index:2;}">
                    <Coords points="1972,4084 1972,4144 2320,4144 2320,4084"/>
                    <TextEquiv>
                        <Unicode>hat!</Unicode>
                    </TextEquiv>
                </Word>
                <Word id="r2l16_w4" custom="readingOrder {index:3;}">
                    <Coords points="2578,4070 2578,4130 2910,4130 2910,4070"/>
                    <TextEquiv>
                        <Unicode>Mir</Unicode>
                    </TextEquiv>
                </Word>
                <TextEquiv>
                    <Unicode>leiſeſte Ahnung hat! Mir</Unicode>
                </TextEquiv>
            </TextLine>
            <TextLine id="r2l17" custom="readingOrder {index:16;}">
                <Coords points="716,4440 1123,4466 1437,4350 1860,4496 2022,4429 2362,4519 2758,4334 3125,4371 3122,4207 2710,4278 2367,4177 1426,4293 1107,4170 714,4291"/>
                <Baseline points="732,4390 850,4381 969,4374 1088,4368 1207,4362 1326,4358 1444,4354 1563,4351 1682,4348 1801,4346 1920,4345 2038,4344 2157,4344 2276,4342 2395,4342 2514,4342 2632,4342 2751,4342 2870,4340 2989,4340 3108,4340"/>
                <Word id="r2l17_w1" custom="readingOrder {index:0;}">
                    <Coords points="732,4330 732,4390 1336,4390 1336,4330"/>
                    <TextEquiv>
                        <Unicode>grauſt,</Unicode>
                    </TextEquiv>
                </Word>
                <Word id="r2l17_w2" custom="readingOrder {index:1;}">
                    <Coords points="1465,4309 1465,4369 1753,4369 1753,4309"/>
                    <TextEquiv>
                        <Unicode>und</Unicode>
                    </TextEquiv>
                </Word>
                <Word id="r2l17_w3" custom="readingOrder {index:2;}">
                    <Coords points="1867,4304 1867,4364 1998,4364 1998,4304"/>
                    <TextEquiv>
                        <Unicode>ich</Unicode>
                    </TextEquiv>
                </Word>
                <Word id="r2l17_w4" custom="readingOrder {index:3;}">
                    <Coords points="2169,4302 2169,4362 2745,4362 2745,4302"/>
                    <TextEquiv>
                        <Unicode>fürchte,</Unicode>
                    </TextEquiv>
                </Word>
                <Word id="r2l17_w5" custom="readingOrder {index:4;}">
                    <Coords points="2861,4300 2861,4360 3018,4360 3018,4300"/>
                    <TextEquiv>
                        <Unicode>ich</Unicode>
                    </TextEquiv>
                </Word>
                <TextEquiv>
                    <Unicode>grauſt, und ich fürchte, ich</Unicode>
                </TextEquiv>
            </TextLine>
            <TextLine id="r2l18" custom="readingOrder {index:17;}">
                <Coords points="542,4632 1309,4707 1595,4596 2193,4582 2337,4668 2926,4593 2921,4354 2352,4525 2004,4444 1849,4516 1374,4449 839,4554 539,4501"/>
                <Baseline points="558,4606 675,4608 793,4608 910,4608 1028,4608 1145,4606 1263,4604 1380,4602 1498,4598 1615,4595 1733,4592 1850,4588 1968,4585 2085,4580 2203,4576 2320,4573 2438,4570 2555,4566 2673,4564 2790,4562 2908,4560"/>
                <Word id="r2l18_w1" custom="readingOrder {index:0;}">
                    <Coords points="550,4568 550,4628 1153,4628 1153,4568"/>
                    <TextEquiv>
                        <Unicode>werde</Unicode>
                    </TextEquiv>
                </Word>
                <Word id="r2l18_w2" custom="readingOrder {index:1;}">
                    <Coords points="1305,4560 1305,4620 1542,4620 1542,4560"/>
                    <TextEquiv>
                        <Unicode>ſehr</Unicode>
                    </TextEquiv>
                </Word>
                <Word id="r2l18_w3" custom="readingOrder {index:2;}">
                    <Coords points="1694,4534 1694,4594 2859,4594 2859,4534"/>
                    <TextEquiv>
                        <Unicode>enttauſchen.</Unicode>
                    </TextEquiv>
                </Word>
                <TextEquiv>
                    <Unicode>werde ſehr enttäuſchen.</Unicode>
                </TextEquiv>
            </TextLine>
            <TextLine id="r2l19" custom="readingOrder {index:18;}">
                <Coords points="485,4877 797,4843 1032,4961 1616,4840 1819,4951 2445,4818 2704,4903 3139,4819 3136,4712 2167,4588 1944,4730 1537,4685 1302,4817 480,4699"/>
                <Baseline points="502,4842 632,4853 763,4859 894,4863 1025,4864 1156,4862 1287,4858 1418,4852 1549,4846 1680,4839 1811,4830 1941,4823 2072,4815 2203,4808 2334,4802 2465,4798 2596,4796 2727,4797 2858,4800 2989,4807 3120,4818"/>
                <Word id="r2l19_w1" custom="readingOrder {index:0;}">
                    <Coords points="496,4814 496,4874 827,4874 827,4814"/>
                    <TextEquiv>
                        <Unicode>Im</Unicode>
                    </TextEquiv>
                </Word>
                <Word id="r2l19_w2" custom="readingOrder {index:1;}">
                    <Coords points="906,4821 906,4881 1423,4881 1423,4821"/>
                    <TextEquiv>
                        <Unicode>Übrigen</Unicode>
                    </TextEquiv>
                </Word>
                <Word id="r2l19_w3" custom="readingOrder {index:2;}">
                    <Coords points="1543,4800 1543,4860 1755,4860 1755,4800"/>
                    <TextEquiv>
                        <Unicode>bin</Unicode>
                    </TextEquiv>
                </Word>
                <Word id="r2l19_w4" custom="readingOrder {index:3;}">
                    <Coords points="1874,4783 1874,4843 2007,4843 2007,4783"/>
                    <TextEquiv>
                        <Unicode>ich</Unicode>
                    </TextEquiv>
                </Word>
                <Word id="r2l19_w5" custom="readingOrder {index:4;}">
                    <Coords points="2126,4763 2126,4823 2472,4823 2472,4763"/>
                    <TextEquiv>
                        <Unicode>ſicher</Unicode>
                    </TextEquiv>
                </Word>
                <Word id="r2l19_w6" custom="readingOrder {index:5;}">
                    <Coords points="2590,4758 2590,4818 3028,4818 3028,4758"/>
                    <TextEquiv>
                        <Unicode>caput</Unicode>
                    </TextEquiv>
                </Word>
                <TextEquiv>
                    <Unicode>Im Übrigen bin ich ſicher caput</Unicode>
                </TextEquiv>
            </TextLine>
            <TextLine id="line_1669738653797_741" custom="readingOrder {index:19;}">
                <Coords points="596,5033 1100,4970 1548,4922 2787,4915 3352,4977 3333,5190 3134,5286 598,5221"/>
                <Baseline points="614,5102 735,5108 856,5110 978,5114 1099,5114 1221,5114 1342,5112 1463,5110 1585,5106 1706,5103 1828,5100 1949,5096 2070,5093 2192,5090 2313,5088 2435,5088 2556,5086 2677,5088 2799,5091 2920,5095 3042,5102 3062,5132 3087,5136 3113,5141 3138,5143 3164,5146 3190,5149 3215,5150 3241,5152 3266,5154 3292,5155 3318,5156"/>
                <Word id="r2l20_w1" custom="readingOrder {index:0;}">
                    <Coords points="611,5066 611,5126 789,5126 789,5066"/>
                    <TextEquiv>
                        <Unicode>zu</Unicode>
                    </TextEquiv>
                </Word>
                <Word id="r2l20_w2" custom="readingOrder {index:1;}">
                    <Coords points="878,5074 878,5134 1315,5134 1315,5074"/>
                    <TextEquiv>
                        <Unicode>gehen.</Unicode>
                    </TextEquiv>
                </Word>
                <Word id="r2l20_w3" custom="readingOrder {index:2;}">
                    <Coords points="1442,5068 1442,5128 1571,5128 1571,5068"/>
                    <TextEquiv>
                        <Unicode>Ich</Unicode>
                    </TextEquiv>
                </Word>
                <Word id="r2l20_w4" custom="readingOrder {index:3;}">
                    <Coords points="1648,5057 1648,5117 2160,5117 2160,5057"/>
                    <TextEquiv>
                        <Unicode>komme</Unicode>
                    </TextEquiv>
                </Word>
                <Word id="r2l20_w5" custom="readingOrder {index:4;}">
                    <Coords points="2249,5048 2249,5108 2570,5108 2570,5048"/>
                    <TextEquiv>
                        <Unicode>durch</Unicode>
                    </TextEquiv>
                </Word>
                <Word id="r2l20_w6" custom="readingOrder {index:5;}">
                    <Coords points="2659,5051 2659,5111 2941,5111 2941,5051"/>
                    <TextEquiv>
                        <Unicode>trop</Unicode>
                    </TextEquiv>
                </Word>
                <Word id="r2l21_w1" custom="readingOrder {index:6;}">
                    <Coords points="3040,5106 3040,5166 3289,5166 3289,5106"/>
                    <TextEquiv>
                        <Unicode>ſche</Unicode>
                    </TextEquiv>
                </Word>
                <TextEquiv>
                    <Unicode>zu gehen. Ich komme durch tropiſche</Unicode>
                </TextEquiv>
            </TextLine>
            <TextEquiv>
                <Unicode>Sache kann ſich immer noch
in letzter Stunde zerſchlagen.
Mir iſt recht unheimlich.
Ich glaube, ich komme nicht lebendig
zurück. Das wäre aber noch
nicht ſo ſchlimm, wie die Furcht
vor der neuen journaliſtiſchen
Aufgabe, der ich wohl kaum
gewachſen ſein werde: In der
Haſt einer Reiſe, in einem
feindlichen Klima, unter
ganz veränderten Lebens-Ver¬
hältniſſen Eindrücke von
Ländern zu geben, X für von
denen man auch nicht die
leiſeſte Ahnung hat! Mir
grauſt, und ich fürchte, ich
werde ſehr enttäuſchen.
Im Übrigen bin ich ſicher caput
zu gehen. Ich komme durch tropiſche</Unicode>
            </TextEquiv>
        </TextRegion>
    </Page>
</PcGts>
