3966 5830
1990 1044 2442 1104 Paris,
2486 1040 2621 1100 2.
2668 1042 3365 1102 Depieber.

1104 1476 1376 1536 Mein
1632 1472 1916 1532 lieber
2130 1474 2602 1534 Freund,

752 1910 973 1970 Mir
1163 1914 1716 1974 ſcheint,
1778 1916 1825 1976 in
2077 1918 2425 1978 meinen
2677 1923 2962 1983 letzten
3183 1932 3451 1992 Brief

658 2133 810 2193 hat
919 2138 1086 2198 ſich
1210 2140 1410 2200 ſehr
1516 2140 1808 2200 gegen
2086 2140 2468 2200 meinen
2729 2147 3068 2207 Willen
3343 2161 3420 2221 ein

706 2356 1091 2416 falſcher
1285 2357 1420 2417 Ton
1634 2352 2658 2412 eingeſchlichen.
2716 2350 2812 2410 Du
2949 2351 3160 2411 haſt
3256 2356 3624 2416 etwas

719 2564 877 2624 vom
1131 2560 2054 2620 »Berühentwerden
2309 2566 3277 2626 herausgehört?

795 2780 915 2840 Ich
995 2788 1440 2848 ſchwöre
1540 2788 1883 2848 Dir,
1943 2788 2065 2848 ich
2145 2786 2285 2846 bin
2468 2786 3296 2846 durchdrungen

659 2992 815 3052 von
973 2994 1060 3054 der
1339 2992 2073 3052 Nichtigkeit
2229 2992 2439 3052 und
2632 3003 3661 3063 Unbedeutenheit

636 3217 892 3277 aller
1072 3234 1390 3294 jener
1627 3229 2461 3289 Vorgänge.
2542 3223 2680 3283 Ich
2818 3224 3038 3284 habe
3257 3238 3553 3298 mich

703 3456 1094 3516 ſogar
1239 3454 1300 3514 im
1612 3444 2333 3504 Verdacht,
2395 3438 2601 3498 daß
2849 3440 2953 3500 ich
3117 3446 3242 3506 ein

696 3669 879 3729 wai
1100 3672 1558 3732 wenig
1743 3670 2386 3730 Komödie
2550 3674 3193 3734 geſpielt
3321 3697 3670 3757 habe.

644 3873 804 3933 Ich
883 3886 1607 3946 Sglaube,
1660 3888 1793 3948 ich
1929 3886 2222 3946 hätte
2331 3884 2623 3944 mich
2813 3890 3507 3950 vielleicht

855 4095 1072 4155 doch
1189 4101 1504 4161 nicht
1699 4108 2407 4168 geſchlagen
2683 4106 3115 4166 wenn
3313 4099 3449 4159 ich

681 4316 990 4376 nicht
1116 4324 1299 4384 gar
1568 4324 1632 4384 ſo
1795 4321 2107 4381 ſicher
2354 4319 2789 4379 darauf
2973 4341 3655 4401 gerechnet

717 4536 1159 4596 hätte,
1229 4531 1336 4591 der
1689 4533 2186 4593 Andere
2416 4543 2910 4603 werde
3177 4546 3512 4606 mich

690 4748 1004 4808 nicht
1143 4752 2168 4812 erſchießen.
2226 4758 2324 4818 Du
2541 4762 2917 4822 wirſt
3134 4760 3192 4820 ja

647 4970 1035 5030 ſelbſt
1237 4973 1479 5033 auch
1646 4978 2276 5038 ſehen,
2349 4977 2682 5037 wie
2884 4965 3254 5025 raſch

2801 5157 2943 5217 vr
713 5193 910 5253 das
1036 5186 1357 5246 Alles
1627 5197 2380 5257 vrgeſſen
2685 5198 2794 5258 ich
3096 5211 3179 5271 den
