3965 5832
457 1082 906 1142 wird,
964 1065 1218 1125 wie
1413 1052 1765 1112 bald
1900 1046 2019 1106 ich
2173 1044 2233 1104 in
2583 1044 2897 1104 mein

562 1284 1062 1344 Dunkel
1370 1282 2178 1342 zurückkehren
2563 1292 3082 1352 werd

442 1519 929 1579 nachdem
1209 1512 1347 1572 ein
1699 1489 2466 1549 flüchtiger
2699 1504 3535 1564 Lichtſtrafs

473 1739 674 1799 von
828 1717 1435 1777 draußen
1715 1706 1945 1766 auf
2146 1708 2452 1768 mich
2678 1720 3414 1780 gefallen.

482 1939 646 1999 Ich
785 1932 1283 1992 glaube
1501 1934 2219 1994 ſogar,
2301 1932 2441 1992 ich
2604 1924 2880 1984 habe
3047 1909 3156 1969 es

508 2191 715 2251 von
881 2164 1404 2224 Anfang
1570 2151 1653 2211 an
2007 2144 2152 2204 ein
2383 2137 2903 2197 wenig
3113 2126 3362 2186 auf

531 2376 1206 2436 dieſen,
1321 2358 2042 2418 Lichtſtrahl
2299 2351 3251 2411 angelegt.

539 2595 668 2655 Ich
775 2609 1013 2669 habe
1270 2610 1465 2670 für
1615 2586 2626 2646 Gerechtigkeit
2758 2578 3381 2638 eintreten

547 2839 786 2899 und
903 2830 1504 2890 zugleich
1704 2806 1983 2866 nur
2183 2790 2701 2850 etewas
2862 2795 3301 2855 Relle

515 3032 1275 3092 Setllame
1602 3018 2086 3078 machen
2484 3012 3312 3072 wollen.

513 3241 657 3301 Ich
752 3243 995 3303 habe
1165 3244 1404 3304 mit
1500 3243 2080 3303 ſchlauer
2322 3238 3309 3298 Bereichnung

448 3464 650 3524 von
893 3468 1461 3528 Anfang
1641 3465 1723 3525 an
2026 3454 2856 3514 geſehen,
2939 3445 2999 3505 da

428 3679 546 3739 die
722 3686 1157 3746 ganze
1395 3680 2600 3740 Angelegenheit
2838 3666 2956 3726 ein

577 3909 973 3969 gutes
1257 3874 1794 3934 Mittel
2050 3876 2587 3936 ſei,
2671 3868 3012 3928 auf

517 4113 1430 4173 anſtändige
1724 4112 2199 4172 Weiſe
2382 4107 2602 4167 von
2912 4097 3188 4157 mir

506 4368 823 4428 reden
1226 4332 1289 4392 zu
1671 4320 2537 4380 machen.
2623 4321 3214 4381 Gewiß

464 4585 784 4645 war
933 4564 1229 4624 auch
1427 4552 1573 4612 die
1771 4544 2661 4604 Empörung
2883 4546 3155 4606 über

470 4765 647 4825 das
821 4774 1439 4834 Unrecht
1550 4768 2122 4828 dabei.
2212 4759 2343 4819 Ich
2609 4747 2960 4807 will
3116 4738 3423 4798 mich

527 4968 826 5028 nicht
1061 4982 1660 5042 ſchlechter
1959 4973 2860 5033 machen,
2923 4968 3137 5028 als

624 5204 751 5264 ich
898 5202 1045 5262 bin
1447 5201 1705 5261 aber
2124 5200 2217 5260 Du
2509 5200 3223 5260 machſt
