3858 5714
495 614 527 674 s
653 616 942 676 über
1073 620 1295 680 alle
1552 636 2288 696 deitſchen
2482 675 3124 735 Bühnen

557 864 1113 924 gefen.
1265 872 1693 932 Wenn
1820 878 1920 938 Du
2174 893 2602 953 ruhig
2730 907 2854 967 ſt

440 1140 967 1200 weiter
1155 1142 1802 1202 arleiteſt
1988 1140 2022 1200 –
2398 1135 2669 1195 und
2789 1129 2959 1189 ich

419 1390 997 1450 weiß,
1089 1398 1179 1458 Du
1377 1391 1849 1451 wirſt
2011 1381 2103 1441 es
2283 1380 2681 1440 thun

498 1625 877 1685 kann
1012 1634 1214 1694 am
1482 1614 1795 1674 Ende
2088 1588 2265 1648 ein
2466 1588 3094 1648 deutſcher

541 1881 1013 1941 Pmile
1250 1868 1839 1928 Aeyuer
1959 1844 2548 1904 daraus
2697 1872 3497 1932 werden,

480 2140 682 2200 Der
902 2141 1213 2201 erſte
1543 2119 2607 2179 entſcheidende
2771 2116 3302 2176 Schrett

500 2387 733 2447 auf
860 2385 1301 2445 dieſem
1610 2358 2102 2418 Wege
2178 2346 2437 2406 iſt
2670 2363 3263 2423 gethan

519 2619 715 2679 und
859 2628 1028 2688 ich
1172 2626 1368 2686 bin
1569 2615 1909 2675 recht
2106 2613 2843 2673 glücklich
2987 2658 3184 2718 dar

388 2890 1063 2950 daßlich
1339 2886 1738 2946 gleich
1915 2886 1989 2946 zu
2216 2901 2944 2961 Anfam¬

417 3141 584 3201 der
749 3160 1210 3220 Erfolg
1439 3149 2544 3209 Songenb
2859 3169 2982 3229 an

540 3417 717 3477 der
873 3422 1344 3482 Hand
1560 3405 2464 3465 mimit:
2622 3410 2896 3470 Das

471 3665 665 3725 iſt
835 3678 1052 3738 ein
1317 3670 1704 3730 guter
2017 3650 2669 3710 Führer

548 3916 902 3976 Weun
1022 3912 1159 3972 ich
1357 3906 2089 3966 übeigens
2365 3923 3096 3983 »Cmitle¬

606 4184 1274 4244 Miqer:
1437 4184 1965 4244 ſage,
2088 4182 2189 4242 ſo
2452 4184 2756 4244 gilt
2960 4195 3224 4255 dies

521 4487 808 4547 mir
1043 4487 2275 4547 einſtweilen,
2360 4489 2882 4549 und?

537 4780 1089 4840 behalte
1327 4770 1619 4830 mir
1883 4748 2146 4808 vor
2569 4744 2673 4804 im

577 5052 1016 5112 Lauhe
1181 5029 1346 5089 der
1620 5029 2166 5089 Zeit,
2250 5041 2331 5101 je
2551 5066 3154 5126 nachdem

639 5312 787 5372 die
976 5306 1417 5366 Dinge
1648 5296 1902 5356 ſich
2006 5296 3101 5356 entwickeln.
