3970 5823
487 1030 660 1090 die
761 1037 2154 1097 Vergänglichkeit
2428 1009 2649 1069 des
2692 1043 3391 1103 ILebens

1651 1258 1794 1318 iſt
1977 1245 2797 1305 traurig.
2857 1238 3124 1298 Aber
492 1264 1380 1324 wehthut

582 1478 741 1538 ich
880 1472 1314 1532 kann
1657 1468 1864 1528 Dir
2114 1468 2778 1528 darauf
3053 1477 3351 1537 mir

528 1705 1094 1765 immer
1450 1691 2687 1751 antworten:
2776 1711 3327 1771 Wenn

578 1930 920 1990 Du,
974 1930 1298 1990 wie
1603 1910 2323 1970 jemand
2558 1913 3457 1973 Anderer.

593 2182 719 2242 den
974 2168 1122 2228 ich
1290 2158 2011 2218 kenne,
2074 2159 2624 2219 bereits
2774 2175 3366 2235 immer

543 2426 608 2486 am
920 2425 1279 2485 18.
1346 2412 1690 2472 Jedes
1920 2384 2674 2444 Monats
2836 2391 3229 2451 mit

501 2664 1017 2724 Deinem
1420 2650 1870 2710 Gehalt
2028 2640 2566 2700 fertig
2722 2656 3508 2716 wareſt

454 2947 734 3007 und
1017 2929 1386 2989 nicht
1472 2894 2493 2954 wßteſt,
2579 2890 3144 2950 woher

510 3201 615 3261 Du
827 3183 1165 3243 Geld
1377 3145 2032 3205 nehmen
2328 3114 2940 3174 Tollſt,
3024 3118 3066 3178 um

528 3433 1071 3493 weiter
1352 3418 1425 3478 zu
1660 3402 1968 3462 leben
2323 3390 2652 3450 und
2842 3417 3455 3477 Schulden

658 3700 722 3760 zu
960 3690 1375 3750 zahlen
1656 3665 1677 3725 –
1915 3648 2003 3708 ſo
2263 3623 2870 3683 hätteſt
3023 3629 3154 3689 Du

548 3980 1056 4040 keine
1226 3948 1543 4008 Zeit
1862 3914 2158 3974 Dich
2435 3891 2498 3951 um
2985 3874 3176 3934 die

545 4194 2143 4254 Vergänglichkeit
2369 4142 2576 4202 des
2757 4136 3351 4196 Lebens

563 4487 623 4547 zu
847 4464 1666 4524 ſorgen.
1747 4437 2114 4497 Und
2317 4425 2338 4485 –
2665 4420 3134 4480 ganz

612 4770 686 4830 im
989 4732 1490 4792 Eruſt
1715 4711 2646 4771 geſprochen

641 5021 947 5081 Eiſt
1109 5007 1906 5067 beſſer,
2009 4989 2252 5049 vor
2622 4976 2763 5036 dem

1686 5261 2528 5321 ittern,
2606 5248 2854 5308 als
3104 5262 3295 5322 vor
721 5292 726 5352 »
