3970 5864
2130 628 2673 688 Paris,
2750 641 2898 701 3.
2993 652 3555 712 Jammar.

1070 1484 1372 1544 Mein
1524 1510 1858 1570 lieber
2085 1518 2738 1578 Freund,

852 1910 980 1970 Ich
1125 1924 1466 1984 danke
1755 1932 1918 1992 Dir
2094 1932 2289 1992 von
2450 1934 3032 1994 Herzen,
3112 1942 3339 2002 daß

745 2135 850 2195 Du
1097 2138 1504 2198 meine
1769 2140 2104 2200 Bitte
2228 2142 2316 2202 ſo
2563 2144 2935 2204 raſch
3022 2148 3604 2208 erfällt

716 2344 1093 2404 haſt.
1245 2358 2077 2418 Entſchuldige
2304 2352 2529 2412 mir
2681 2354 2834 2414 die
2984 2372 3532 2432 großen

727 2580 1296 2640 Koſten,
1366 2576 1507 2636 die
1686 2576 1809 2636 ich
1988 2574 2147 2634 Dir
2378 2576 3390 2636 verürſacht.

667 2794 908 2854 aber
1135 2797 1226 2857 Du
1453 2798 1770 2858 haſt
2027 2798 2253 2858 mir
2451 2801 2739 2861 eine
2935 2819 3418 2879 große

718 2995 1156 3055 Freude
1454 3004 2212 3064 gemacht.
2331 3005 2929 3065 Mittags

695 3212 1157 3272 bekam
1291 3230 1427 3290 ich
1503 3238 1830 3298 es,
1947 3243 2023 3303 in
2197 3244 2581 3304 einer
2793 3235 3351 3295 Stunde

675 3447 986 3507 war
1182 3457 1311 3517 es
1467 3460 2169 3520 geleſen,
2220 3455 2507 3515 und
2688 3452 2844 3512 am
3117 3461 3546 3521 ſelben

815 3670 1118 3730 Tage
1246 3672 1659 3732 ſende
1766 3675 1917 3735 ich
2112 3676 2242 3736 es
2416 3674 2589 3734 Dir
2868 3661 3279 3721 noch

758 3885 1496 3945 zurück.

1300 4075 1419 4135 Da
1587 4083 1729 4143 ich
1823 4094 2207 4154 ſofort
2447 4111 3044 4171 ſchreiben
3209 4116 3543 4176 muß

630 4308 833 4368 bin
992 4310 1134 4370 ich
1317 4312 1841 4372 meiner
2143 4314 2991 4374 Eindrücke
3173 4318 3535 4378 noch

599 4529 965 4589 nicht
1081 4533 1492 4593 ganz
1699 4525 2226 4585 ſicher.
2388 4520 2572 4580 Dir
2799 4527 3213 4587 erſte

627 4752 911 4812 Att
1027 4754 1179 4814 iſt
1409 4750 1674 4810 voll
1847 4741 2628 4801 Ammuth,
2798 4736 3160 4796 voll

737 4970 1735 5030 Bewegung,
1840 4969 1904 5029 er
2075 4957 2541 5017 endet
2776 4934 3245 4994 aufs.
