3989 5864
2158 871 2544 931 Paris,
2603 881 2744 941 2.
2846 896 3274 956 Mäg.

826 1521 1114 1581 Mein
1472 1532 1760 1592 lieber
2085 1540 2592 1600 Freund,

922 1943 1099 2003 Bun
1198 1951 1391 2011 geht
1458 1954 1538 2014 es
1683 1958 1863 2018 mir
1959 1961 2479 2021 langſam
2707 1967 3063 2027 wieder
3226 1983 3551 2043 beſſer

600 2151 776 2211 und
891 2164 1020 2224 ich
1134 2174 1409 2234 kann
1701 2182 1847 2242 Dir
1992 2184 2543 2244 ſchreiben.
2657 2184 2852 2244 Als
2965 2186 3256 2246 Oolge
3370 2191 3483 2251 der

690 2373 1427 2433 allgemmunen
1696 2393 2307 2453 Brankheit
2540 2400 2720 2460 hat
2829 2398 2989 2458 ſich
3151 2392 3313 2452 ein

783 2614 1554 2674 Jartnätiges
1777 2610 2447 2670 Angenübel
2670 2615 3354 2675 ergeben.
3424 2618 3577 2678 Es

698 2814 900 2874 kam
1034 2819 1223 2879 zum
1465 2827 1897 2887 zweiten
2168 2832 2450 2892 Male
2557 2835 2962 2895 bereits
3151 2836 3407 2896 und

752 3034 958 3094 hält
1068 3034 1496 3094 diesmal
1734 3042 2097 3102 lange
2287 3047 2747 3107 Wochen
2969 3046 3348 3106 vor.

679 3240 769 3300 Da
951 3249 1080 3309 ich
1189 3258 1626 3318 meinen
1900 3267 2264 3327 Breuf
2409 3272 2720 3332 nicht
2828 3283 3504 3343 ausſetzen

678 3468 1142 3528 kann,
1225 3470 1522 3530 ſollte
1605 3475 1733 3535 ich
1902 3486 2259 3546 alles
2428 3496 3040 3556 Schreiben
3189 3484 3462 3544 und

811 3677 1105 3737 Leſen
1197 3690 1399 3750 auf
1514 3698 1741 3758 das
1901 3702 2786 3762 unrläßlich
2921 3718 3557 3778 Berufliche

801 3908 1663 3968 beſchränten.
1812 3906 1895 3966 Da
2085 3906 2379 3966 blieb
2567 3909 2819 3969 alſo
2947 3913 3137 3973 für
3262 3928 3598 3988 Briefe

639 4143 1023 4203 nichts
1140 4118 1641 4178 übrig.
1758 4114 1995 4174 Aich
2083 4119 2379 4179 war
2555 4129 2675 4189 es
2821 4140 3147 4200 nicht
3205 4148 3439 4208 gut

627 4326 1087 4386 möglich
1326 4343 1755 4403 meinen
2025 4354 2438 4414 armen
2693 4365 3360 4425 Dimmen

706 4548 1002 4608 Copf
1123 4554 1194 4614 zu
1418 4560 1768 4620 minn
1977 4565 2428 4625 andern
2620 4581 3420 4641 Gedanten

717 4784 779 4844 zu
981 4792 1574 4852 bringen
1794 4794 2011 4854 als
2152 4794 2214 4854 zu
2480 4794 2697 4854 dem
2917 4797 3056 4857 an
3275 4802 3430 4862 die

773 4991 1658 5051 Krantheit.
1766 4994 2074 5054 Was
2238 4994 2346 5054 der
2528 4998 2907 5058 Beauf
3069 5011 3430 5071 eſern
