5487 6985
2219 673 2627 733 WLI.
2671 678 2726 738 1E
2848 681 2980 741 Biie
3091 684 3422 744 Wte.
3466 686 3631 746 60.
3665 687 3917 747 Bind
4029 692 4515 752 9RRRiT.

1255 2756 1457 2816 OWor
1569 2762 1893 2822 WLE

1879 3162 1954 3222 D0
2054 3162 2203 3222 MR

1291 3356 1737 3416 LERRo.
1778 3358 1838 3418 L0
1950 3360 2143 3420 PIi

1262 3558 1325 3618 D0
1432 3550 1646 3610 RaL
1753 3553 1763 3613 P
1934 3552 2074 3612 30.

1262 3743 1412 3803 EEO
1533 3753 2064 3813 RREE6.
2104 3754 2114 3814 D
3224 3769 4066 3829 D0OMMLEAMEOO
4169 3774 4553 3834 WANOIR
4656 3778 4853 3838 RRRE

1262 3942 1457 4002 LRLE
1559 3948 1958 4008 COMMII
3151 3957 3342 4017 PPDi
3453 3962 3513 4022 4I
3624 3968 3816 4028 BNOE
3927 3974 4783 4034 BIEESRRIRLE

1266 4143 1556 4203 BEB.
1577 4150 1598 4210 O
3031 4160 3089 4220 20
3195 4162 3332 4222 O0
3449 4164 3517 4224 D0
3625 4168 4121 4228 B0ECRRRiE
4238 4172 4423 4232 PTA
4540 4174 4794 4234 WOE

1262 4344 1392 4404 40.
1432 4333 1833 4393 Bie.
1873 4328 1992 4388 d55
2102 4328 2353 4388 Re
2533 4338 2843 4398 CREE
2943 4350 3282 4410 AE.
3314 4366 4024 4426 BMII.
4063 4373 4123 4433 DE
4233 4374 4374 4434 III
4464 4372 4604 4432 COR

1253 4536 1579 4596 CRERRL
1672 4524 2371 4584 CORRRIREMENI
2483 4541 2493 4601 W
2716 4558 3340 4618 CRROMIMI.

1836 4744 2283 4804 REEEx.
2321 4747 2521 4807 Chr
2626 4752 3197 4812 WiRELEIE.
3235 4754 3254 4814 O
3417 4756 3616 4816 Wae
3731 4758 3855 4818 CR
4093 4763 4169 4823 WI
4330 4765 4340 4825 M
4578 4770 4588 4830 W

1274 4926 1520 4986 PORIR
1630 4940 2511 5000 BOMRLEMEML5.
2547 4949 3142 5009 TRöRRRacheO
3252 4952 3326 5012 O0
3427 4954 3436 5014 W
3684 4957 4179 5017 DEREIMERE
4343 4961 4536 5021 LREE
4637 4964 4774 5024 RE

1347 5130 1585 5190 PREE

3985 5324 3996 5384 3
