3877 5743
505 894 719 954 daß
919 899 1017 959 Du
1349 904 1680 964 dafin
1861 910 3004 970 gekommen,

533 1130 822 1190 ſtill
989 1137 1260 1197 und
1363 1142 1944 1202 ehrlich,
2029 1144 2215 1204 Dir
2339 1144 2424 1204 ih
2568 1146 3025 1206 ſelbſt

555 1378 1137 1438 getren,
1281 1394 1489 1454 und
1594 1386 2092 1446 vinfach
2238 1372 2675 1432 Deines
2862 1391 3404 1451 lieben,

607 1609 1202 1669 Herzens
1470 1602 1989 1662 Sprache
2335 1597 3062 1657 redend,

481 1868 571 1928 ſo
754 1871 1093 1931 fühle
1228 1856 1500 1916 ich,
1545 1844 1750 1904 daß
1932 1832 2067 1892 es
2227 1837 2451 1897 ein
2611 1858 2701 1918 iſh
2797 1893 3127 1953 Ghun

591 2143 1261 2203 Echreutag
1372 2132 1552 2192 iſt
1732 2124 1931 2184 für
2111 2116 2490 2176 Dich,
2601 2114 2847 2174 für

563 2388 728 2448 den
893 2397 1367 2457 Porten
1641 2389 1715 2449 ſo
1862 2384 2099 2444 ſehr
2226 2380 2592 2440 wie
2793 2395 3051 2455 fur

543 2615 737 2675 den
908 2658 1620 2718 Menſchen
2073 2639 2484 2699 und
2721 2617 2916 2677 ein

511 2897 1070 2957 ſtarkes
1341 2894 1941 2954 Beiſpiel
2171 2894 2420 2954 für
2750 2900 3124 2960 aus

579 3144 1058 3204 Alle.
1263 3157 1446 3217 Ich
1562 3151 1812 3211 habe
1950 3140 2178 3200 das
2339 3130 3209 3190 Bedürfeiß,

534 3418 835 3478 jeiden
1024 3412 1363 3472 dieſer
1552 3404 1968 3464 Briefe
2120 3402 2384 3462 mit
2592 3413 3347 3473 Wunſchen

516 3691 576 3751 zu
836 3698 1461 3758 füllen.
1744 3679 2126 3739 Leider
2307 3664 2709 3724 kann
2972 3669 3172 3729 ich

575 3954 634 4014 ſo
843 3945 993 4005 bei
1200 3938 1320 3998 der
1633 3934 2186 3994 ganzen
2543 3936 3214 3996 Angele¬

616 4208 1125 4268 grüheit
1261 4197 1651 4257 nichts
1785 4184 2377 4244 thun,
2446 4178 2666 4238 als
2886 4177 3055 4237 Dir

600 4478 1574 4538 fortwäfreir
2033 4456 2863 4516 Glück!«
2987 4482 3340 4542 und

560 4748 1335 4808 »Glück:
1668 4736 2505 4796 zurüfen.
2694 4739 3009 4799 Aber

530 5009 776 5069 hier
1108 5004 1459 5064 will
1644 5004 1811 5064 ich
1935 5005 2037 5065 es
2163 5009 3175 5069 wenigſtens

2435 5224 2973 5284 nicht
660 5224 786 5284 an
1021 5234 1171 5294 den
1513 5243 2322 5303 Meinigen
