3968 5832
475 1109 694 1169 zur
895 1083 1448 1143 wahren
1758 1055 2865 1115 Leiſtung:
2930 1045 3087 1105 ein

596 1310 992 1370 gutes
1224 1289 1759 1349 Buch,
1832 1283 1994 1343 ein
2367 1282 2833 1342 gutes
3018 1287 3415 1347 Stück

560 1504 841 1564 Und
983 1504 1299 1564 nicht
1389 1488 2059 1548 einmal
2253 1476 2395 1536 die
2676 1490 3047 1550 Liebe

490 1723 838 1783 will
1046 1710 2090 1770 kommen.
2159 1723 2697 1783 Ne,
2768 1733 3028 1793 nie

429 1965 531 2025 ein
976 1942 1657 2002 geliebtes
1897 1930 2409 1990 Weſen
2817 1918 2887 1978 in
3177 1904 3313 1964 die

579 2167 1067 2227 Arme
1386 2152 2576 2212 geſchloſſen.
2660 2122 3042 2182 Und

550 2403 1150 2463 mörgen
1432 2380 1609 2440 iſt
1821 2371 1963 2431 die
2175 2364 2847 2424 Jugend
3004 2374 3059 2434 zu

605 2607 1115 2667 Ende!
1319 2581 1647 2641 Und
1851 2572 1975 2632 es
2139 2568 2548 2628 will
2833 2570 3262 2630 nicht

582 2806 1728 2866 kommen.
1793 2804 2064 2864 Das
2174 2802 2334 2862 iſt
2478 2799 3289 2859 troſtlos.

495 3033 728 3093 und
884 3037 1194 3097 dann
1484 3038 1892 3098 gehts
2125 3035 2494 3095 recht
2650 3032 3253 3092 ſchlimm

496 3274 855 3334 mit
1081 3257 1695 3317 meinen
2070 3233 2926 3293 Augen,
2972 3228 3316 3288 und

709 3493 812 3553 ich
931 3486 1499 3546 fürchte
1707 3461 2154 3521 blind
2396 3446 2465 3506 zu
2722 3452 3634 3512 werden..

1334 3904 2277 3964 Entſchuldige,
2336 3883 2528 3943 daß
2723 3868 2833 3928 ich
3056 3862 3251 3922 Dir

552 4113 748 4173 gar
924 4122 979 4182 ſo
1227 4122 1458 4182 viel
1706 4111 1882 4171 von
2202 4102 2398 4162 mir
2681 4114 3319 4174 ſpreche.

671 4359 813 4419 Ich
918 4356 1288 4416 freue
1474 4345 1967 4405 mich,
2028 4338 2092 4398 zu
2380 4331 2933 4391 hören,
2997 4330 3201 4390 daß

576 4573 680 4633 Du
888 4571 1398 4631 wieder
1697 4559 2363 4619 arbeiteſt
2596 4543 2884 4603 und
3145 4531 3353 4591 daß

2783 4758 3192 4818 giit
560 4784 739 4844 Dir
1031 4784 1130 4844 die
1311 4786 1755 4846 Arbeit
1992 4780 2229 4840 ſerl

568 5007 1034 5067 thut.
1111 5002 1286 5062 Die
1538 4989 2258 5049 Sachen,
2316 4982 2549 5042 mit
2801 4984 3190 5044 denn

551 5232 681 5292 Du
901 5234 1689 5294 beſchäftigt
1887 5205 2346 5265 biſt,
2433 5213 2917 5273 dürften
