3951 5849
429 852 644 912 mit
761 829 1526 889 Möglichkeit
1604 820 1704 880 der
1938 827 3077 887 Verſchlimmerin

517 1066 1089 1126 vielleicht
1225 1045 1454 1105 gar
1729 1040 1890 1100 des
2165 1052 3240 1112 Sehverluſtes

474 1261 751 1321 Was
869 1251 1076 1311 ſoll
1169 1247 1310 1307 ich
1472 1244 1659 1304 das
1797 1244 2100 1304 Alles
2308 1261 3213 1321 aufzählen?

484 1461 849 1521 Seitdem
1149 1468 1407 1528 habe
1492 1468 1622 1528 ich
1816 1465 2074 1525 nicht
2266 1462 2587 1522 mehr
2954 1462 3103 1522 die

418 1685 959 1745 Kraft,
1031 1673 1444 1733 irgend
1626 1666 2075 1726 etwas
2274 1664 2328 1724 zu
2634 1667 3246 1727 thun!

556 1919 676 1979 Ich
799 1908 1042 1968 gehe
1138 1900 1695 1960 mirgends
1839 1896 2228 1956 hi,
2276 1893 2686 1953 weiſe
2929 1881 3172 1941 alle

480 2115 967 2175 Beſuche,
1040 2096 1261 2156 ab,
1334 2091 1700 2151 bleibe
1849 2091 2042 2151 bis
2312 2099 2851 2159 Mittag
3096 2104 3145 2164 im

490 2344 768 2404 Beſt
871 2344 1251 2404 liegen
1546 2324 1809 2384 und
2044 2306 2396 2366 denke
2720 2309 2983 2369 mir

445 2554 681 2614 über
873 2543 1039 2603 das
1160 2537 1517 2597 Sterben
1780 2532 2137 2592 nach.
2208 2535 2279 2595 Ie
2424 2538 2542 2598 den
2758 2556 3328 2616 Schmerz

510 2758 931 2818 miſcht
1097 2756 1266 2816 ſich
1477 2756 1604 2816 die
1750 2754 2256 2814 Reue,
2319 2754 2381 2814 in
2633 2754 2781 2814 die
2992 2754 3306 2814 Todes

2850 2961 3033 3021 itie
412 2978 619 3038 und
809 2974 2451 3034 Selbſtword-Gedanken

542 3204 1084 3264 Sehnſucht
1241 3198 1468 3258 nach
1651 3194 1763 3254 dem
2125 3190 2757 3250 Leben,
2827 3198 3074 3258 nach
3164 3212 3279 3272 dem

546 3428 651 3488 ich
842 3419 1225 3479 heißer
1521 3416 2030 3476 begehre
2221 3413 2391 3473 als
2538 3407 2879 3467 je.
2942 3397 3175 3457 Das

515 3658 760 3718 ſind
870 3649 1493 3709 ſchlimme
1625 3624 2092 3684 Tage,
2180 3608 2446 3668 und
2603 3602 2691 3662 Du
2891 3613 3556 3673 begreifſt

415 3867 595 3927 daß
855 3852 1013 3912 iſt
1154 3841 1335 3901 dein
1634 3826 1955 3886 Brief
2255 3823 3434 3883 unbeantwortet

503 4069 917 4129 bleiben
1214 4047 1849 4107 müßte.
1908 4038 2224 4098 Nun
2501 4039 2996 4099 möchte
3215 4057 3352 4117 ich

466 4266 604 4326 Dir
767 4275 998 4335 aber
1276 4284 1717 4344 trotzdem
2111 4273 2784 4333 ſagen,
2852 4252 3084 4312 daß

2872 4465 2898 4525 un
544 4536 680 4596 ich
797 4513 959 4573 oft
1163 4491 1257 4551 an
1601 4472 1831 4532 Dich
2038 4470 2544 4530 denke,

2899 4684 3264 4744 und
672 4724 746 4784 ſo
910 4707 1245 4767 raffe
1483 4692 1627 4752 ich
1818 4684 2103 4744 mich
2367 4679 2605 4739 auf

608 4951 1061 5011 ſchreibe
1285 4912 1510 4972 Dir
1833 4901 2287 4961 doch!
