3957 5823
1893 474 1989 534 La
2086 473 2755 533 Men
2825 466 2992 526 m

2067 720 2350 780 Wanekes
2391 722 2569 782 Ruret

1915 782 2379 842 Pouslanelétes
2429 782 2514 842 ves
2547 782 3020 842 peneeenenente
3071 782 3146 842 Pun
3189 782 3349 842 RSu

1871 848 2206 908 Söhnitater,
2235 848 2563 908 Vaiesexinei
2607 848 2731 908 nous
2774 846 2877 906 dico
2928 846 3007 906 que
3052 846 3088 906 jo
3139 845 3278 905 viene
3328 844 3336 904 d

1845 910 2123 970 derninen,
2145 910 2176 970 1a
2221 910 2530 970 Bacuetien
2590 908 2627 968 en
2687 908 2921 968 traneaic
2973 906 3026 966 do
3094 905 3221 965 äotto
3282 902 3411 962 Wi0.

1862 971 1988 1031 Célei
2032 972 2152 1032 dout
2196 974 2323 1034 oue
2367 974 2613 1034 paxxeléu
2657 974 2694 1034 la
2747 974 2910 1034 Puaud
2962 974 3178 1034 sueet5.
3208 972 3379 1032 TWicen

1854 1038 2103 1098 Desies,
2132 1036 2418 1096 DWenre.

1914 1098 2201 1158 Ddeua
2257 1098 2305 1158 de
2352 1096 2440 1156 pee
2513 1096 2807 1156 Riceteure
2879 1094 2927 1154 de
2975 1094 3175 1154 Wéitre
3230 1094 3390 1154 Bert

1843 1160 2134 1220 Wenle.
2155 1160 2205 1220 Da
2269 1160 2355 1220 Wce
2425 1160 2554 1220 äette
2603 1158 2987 1218 tuatuetian,
3015 1156 3370 1216 RILEWin

1871 1222 2117 1282 Papentex
2160 1222 2308 1282 Muilo
2357 1222 2392 1282 5o
2449 1222 2745 1282 rxoxesent
2787 1222 2942 1282 mene
2992 1222 3034 1282 do
3090 1222 3210 1282 taice
3253 1224 3380 1284 coto

1843 1286 2041 1346 Ceilture
2144 1288 2271 1348 »Roee
2310 1286 2358 1346 la
2405 1286 2517 1346 plue
2564 1284 2881 1344 Wiliutenet

2507 1348 2655 1408 Notre
2708 1348 2816 1408 Wien
2877 1345 3071 1405 deveue

2849 1412 2969 1472 Dau
3046 1412 3318 1472 WMechtn.

2177 1894 2735 1954 Paris,
2787 1900 2904 1960 3.
2943 1911 3605 1971 Novembeit

1245 2320 1584 2380 Mein
1907 2330 2214 2390 lieber
2430 2324 2893 2384 Freund,

880 2565 1108 2625 Oben
1443 2568 1795 2628 ſiehſt
1972 2562 2042 2622 Du
2290 2551 2607 2611 einen
2835 2544 3557 2604 Ausſchnitt

756 2785 997 2845 aus
1130 2783 1240 2843 dem
1614 2765 2341 2825 »Fgur.
2409 2758 2606 2818 Die
2761 2775 3553 2835 Überſetzent

801 2981 985 3041 von
1188 2990 1542 3050 Thorel
1693 2991 1827 3051 iſt
2198 2986 2214 3046 –
2334 2983 2688 3043 unter
3006 2980 3276 3040 uns

801 3206 1385 3266 geſagt–
1595 3200 1950 3260 leider
2223 3204 2537 3264 recht
2789 3206 3372 3266 ſchleiht

794 3432 1051 3492 noch
1220 3428 1991 3488 ſchlechter,
2042 3421 2194 3481 als
2281 3419 2399 3479 ich
2639 3414 3407 3474 geglaubt.

750 3656 833 3716 Er
959 3652 1106 3712 hat
1188 3650 1397 3710 ſich
1565 3646 1794 3706 gar
2026 3642 2381 3702 keine
2611 3634 3028 3694 Mühe

792 3884 1563 3944 gegeben,
1614 3881 1633 3941 i
1940 3865 2164 3925 das
2404 3847 3192 3907 natürliche

722 4098 996 4158 und
1167 4078 1783 4138 lebeidige
2005 4065 2486 4125 Dentfh
2759 4048 2948 4108 des

764 4298 1373 4358 Dieloges
1651 4294 1690 4354 in
2085 4281 3010 4341 natürliches
3147 4272 3442 4332 und

798 4517 1637 4577 lebendiges
1817 4503 2762 4563 Franzöſiſch
2889 4498 3513 4558 unze¬

831 4749 1600 4809 ſetzen.
1668 4732 1789 4792 Ich
1907 4722 2300 4782 troſte
2524 4710 2797 4770 mich
2934 4706 3445 4766 damit

775 4952 1010 5012 daß
1189 4942 1287 5002 es
1494 4939 1590 4999 ein
1921 4938 2516 4998 Anderer
2902 4927 3151 4987 noch

1008 5165 1541 5225 ſchlechter
1837 5152 2475 5212 gemacht
2729 5157 3238 5217 hatte.
