3875 5748
1906 740 2461 800 Paris,
2577 736 2725 796 2.
2790 767 2920 827 5.
2972 770 3257 830 Jubi

1175 1474 1495 1534 Mein
1689 1501 2074 1561 lieber
2394 1518 2995 1578 Freund,

665 1909 942 1969 Gern
1082 1916 1385 1976 hätte
1607 1920 1720 1980 ich
1829 1922 1969 1982 Dir
2164 1933 2635 1993 Deinen
2802 1967 3191 2027 leben

679 2177 1000 2237 Breef
1151 2196 1320 2256 von
1472 2199 1963 2259 nenlich
2097 2194 2456 2254 gleich
2550 2213 3418 2273 beantisortet

679 2432 967 2492 Aber
1140 2444 1216 2504 es
1352 2452 1542 2512 gab
1792 2464 1985 2524 gar
2121 2475 2561 2535 ſoviel
2734 2487 2813 2547 zu
3041 2506 3522 2566 thun.

1352 2726 1566 2786 Alſo
1727 2742 1858 2802 Ihr
1967 2753 2233 2813 geht
2312 2762 2525 2822 doch
2660 2770 2873 2830 noch
3008 2780 3300 2840 nich

589 2994 1553 3054 Kopenheger?
1845 3022 2110 3082 Habt
2232 3020 2402 3080 Ihr
2619 3040 3366 3100 Nachrichten.

690 3194 876 3254 von
1062 3216 1551 3276 Frau.
1618 3237 2379 3297 Andreas.

1230 3452 1469 3512 Was
1570 3464 1809 3524 mich
1946 3499 2609 3559 anlringt,
2643 3530 2729 3590 ſo
2848 3560 3342 3620 gedenke

602 3654 758 3714 ich
865 3678 1287 3738 an1.
1417 3709 1942 3769 Anguſt
2127 3738 2338 3798 hier
2468 3779 3445 3839 abzureiſen.

642 3925 779 3985 Ich
837 3949 1113 4009 gehe
1222 3976 1498 4036 nach
1611 4005 2082 4065 Sollz
2164 4024 2440 4084 zum
2634 4039 3187 4099 Kur¬

749 4261 1691 4321 Gebrauche!
1865 4264 2035 4324 Ich
2120 4262 2293 4322 bin
2407 4267 2637 4327 ſehr
2722 4304 3236 4364 kank¬

724 4489 1095 4549 Srit.
1228 4521 1469 4581 Haſt
1580 4539 1998 4599 einem
2239 4550 2545 4610 Jahre
2721 4558 3071 4618 leide

720 4764 849 4824 ich
930 4778 1062 4838 an
1191 4792 1535 4852 einer
1828 4811 2984 4871 merklärlichen

678 5027 1344 5087 bfſectioon
1596 5046 1783 5106 des
2053 5064 2575 5124 rechten.
2719 5087 3326 5147 Anges¬

690 5290 1517 5350 Pahllen-
1630 5301 2748 5361 Ungleichheit,
2817 5347 3308 5407 Scheiz
