3948 5816
896 1438 1045 1498 Die
1107 1438 1805 1498 Aufnahme
1953 1429 2060 1489 der
2186 1416 3076 1476 Lausbüberei
3222 1406 3392 1466 des

803 1636 1215 1696 Kraus
1496 1631 1533 1691 in
1796 1628 1908 1688 die
2133 1628 2751 1688 Frankf.
2826 1632 3219 1692 Zrit.
3295 1639 3500 1699 hat

771 1873 1039 1933 mich
1175 1865 1512 1925 bitter
1736 1854 2702 1914 gekränkt.
2768 1850 2904 1910 Ich
3106 1852 3374 1912 habe

755 2095 1013 2155 mich
1211 2084 1605 2144 ſofort
1773 2075 1910 2135 bei
2108 2068 2670 2128 meinem
3033 2066 3444 2126 Onkel

805 2302 1757 2362 beſchwert.
1835 2292 2153 2352 Dieſer
2290 2290 2450 2350 iſt
2607 2290 3539 2350 vollſtändig

793 2521 1032 2581 Core
1211 2514 1728 2574 file,
1807 2510 1987 2570 hat
2088 2508 2484 2568 keine
2684 2497 3380 2557 Ahnun,

789 2728 1370 2788 gehall,
1462 2728 1511 2788 um
1905 2723 2210 2783 wen
2535 2720 2627 2780 es
2768 2720 2978 2780 ſich
3139 2731 3628 2791 handelt

819 2960 1036 3020 und
1217 2958 1380 3018 hat
1470 2957 1597 3017 die
1796 2953 2284 3013 Sache,
2355 2950 2662 3010 wie
2917 2950 2988 3010 er
3223 2951 3458 3011 nir

737 3166 1373 3226 mittheilt
1652 3164 1928 3224 nur
2141 3152 3543 3212 aufzenommen,

702 3377 1109 3437 weil
1312 3384 1372 3444 er
1678 3382 1840 3442 ſie
2065 3380 2900 3440 vorzüglich
3022 3421 3611 3481 geſchrieben

747 3593 1281 3653 fand.
1350 3600 1467 3660 Ich
1559 3599 2652 3659 vermithe,
2698 3596 2908 3656 daß
3071 3602 3628 3662 meines

839 3798 1278 3858 Onkels
1413 3794 1667 3854 Frau
1988 3804 3356 3864 dahinterſteckt.

868 4039 1010 4099 ſie
1131 4017 1582 4077 dürfte
1747 4010 1939 4070 das
2081 4013 2559 4073 neue
2798 4025 3344 4085 Genie

858 4220 1310 4280 Kraus
1519 4226 2180 4286 entdeckt
2463 4242 3106 4302 haben,
3164 4253 3333 4313 das

805 4461 1093 4521 ſieht
1211 4469 1357 4529 ihr
1573 4469 1861 4529 ſchon
2149 4452 2920 4512 ähnlich;
3039 4455 3327 4515 und

872 4696 1137 4756 mein
1461 4693 1803 4753 Onkel
2069 4680 2373 4740 ſieht
2620 4669 2678 4729 in
2925 4662 3267 4722 dieſen

851 4880 1495 4940 Daldene
1796 4894 2180 4954 Fallen
2535 4882 2767 4942 mir
3124 4870 3425 4930 mit
