2888 3670
1244 336 1528 396 Eauie
1621 331 1886 391 Vele.
1923 324 2265 384 Githun.
1037 340 1058 400 O

1237 461 1317 521 aui
1398 451 1707 511 Matiaus,
1735 448 1828 508 à,
1883 442 2192 502 Vagelles

1428 575 1766 635 (Rite.
1797 559 2230 619 ee-dosie)

753 989 918 1049 lhen
1032 982 1274 1042 lu.

746 1253 806 1313 du
883 1256 1056 1316 éhoe
1125 1258 1178 1318 eu
1298 1256 1368 1316 rou
1514 1251 1937 1311 éomseniee,
1981 1243 2041 1303 au
2206 1238 2283 1298 los
2326 1233 2482 1293 ctiou

437 1404 554 1464 que
635 1395 729 1455 Mou
868 1390 1369 1450 MteC’ng
1428 1391 1580 1451 eest
1661 1389 1871 1449 janes
1940 1383 2057 1443 zue
2127 1368 2395 1428 mamie

431 1511 681 1571 Beszus
768 1513 899 1573 aux
976 1510 1269 1570 peineus
1346 1504 1585 1564 joiin,
1629 1497 2098 1557 D’oetotz.
2141 1495 2413 1555 Sihs

436 1641 484 1701 de
581 1638 692 1698 vai
844 1633 852 1693 n
1036 1627 1229 1687 mle
1325 1623 1413 1683 ton
1589 1617 1862 1677 lesiche
1933 1611 2334 1671 -l’auue

446 1754 582 1814 apin
661 1750 957 1810 Dais’c
1047 1748 1092 1808 en
1184 1750 1706 1810 dimpiuitite
1785 1744 1944 1804 pruu
2035 1737 2262 1797 poſih

453 1859 461 1919 b
585 1863 858 1923 Wanes
928 1863 943 1923 e
1061 1862 1138 1922 éch
1325 1858 1535 1918 daion

638 1982 743 2042 Pou
849 1978 1119 2038 eehiree
1201 1975 1461 2035 eupieu
1589 1973 1637 2033 le
1707 1970 2177 2030 eotiappai,
2212 1966 2224 2026 a
2284 1964 2365 2024 pou

426 2107 485 2167 Wu
564 2100 652 2160 Wou
760 2092 996 2152 jictiy
1066 2089 1095 2149 e
1184 2087 1322 2147 coyi
1429 2084 1971 2144 uugagenin?
2060 2077 2247 2137 P.pe’
2276 2071 2286 2131 d
2365 2065 2494 2125 Ma.

442 2215 669 2275 5M.
694 2210 1152 2270 Sehuihlls,
1190 2209 1240 2269 bi
1305 2209 1431 2269 nos
1482 2209 1495 2269 b
1570 2207 1837 2267 dens,
1850 2206 1877 2266 –
1952 2200 2282 2260 Gqyppelle
2371 2188 2421 2248 16

423 2344 561 2404 cuu’
579 2341 744 2401 dec
840 2336 1256 2396 binutneu
1385 2335 1446 2395 zu
1593 2331 1732 2391 ecthe
1784 2328 1984 2388 donmi
2027 2322 2079 2382 de
2157 2316 2235 2376 cn
2331 2305 2460 2365 auk

431 2459 579 2519 Waue
716 2456 864 2516 necc
929 2455 1197 2515 quic’ini
1279 2455 1427 2515 aan
1639 2452 1713 2512 ruu
1814 2450 1824 2510 l
1925 2446 2073 2506 Nach
2165 2440 2174 2500 l
2257 2433 2414 2493 trte

444 2566 644 2626 Matuu
717 2572 771 2632 su
891 2575 1082 2635 poisi
1201 2572 1438 2632 poeiu
1547 2566 1594 2626 la
1666 2560 1977 2620 tanneton
2059 2552 2487 2612 aitichetei,

462 2690 598 2750 Moct
662 2687 999 2747 lupisint
1072 2684 1160 2744 hion
1264 2683 1305 2743 au
1377 2680 1817 2740 spitlication
1890 2675 1930 2735 en
2018 2674 2050 2734 pe
2211 2670 2339 2730 ren

461 2780 513 2840 7.
530 2782 747 2842 Waitic
851 2785 990 2845 –Ct
1050 2785 1233 2845 jcu.
1259 2784 1302 2844 es
1380 2782 1589 2842 Noit,
1615 2780 1709 2840 dr
1814 2776 1857 2836 be
1909 2774 2004 2834 b.
2030 2771 2126 2831 qi’
2152 2766 2438 2826 dhuort

452 2884 768 2944 pastages
824 2882 937 2942 pii
1049 2885 1489 2945 moitiiiqals
1545 2887 1658 2947 eh
1760 2887 1771 2947 W
1872 2884 2154 2944 Schhlu
2256 2872 2526 2932 et.

649 3089 710 3149 ſe
821 3074 1292 3134 deuhiuu-
1353 3071 1612 3131 Oau,
1649 3069 1736 3129 rin
1823 3063 2020 3123 lſin
2095 3055 2168 3115 de
