3972 5831
497 1012 1155 1072 Frankf.
1218 1015 1752 1075 Zeit:
1857 1033 2475 1093 erſchien
2835 1039 3154 1099 eine

526 1237 1024 1297 kleine
1269 1262 2563 1322 Beſprechung,
2665 1267 2837 1327 die
3036 1239 3159 1299 ich

2031 1426 2118 1486 da
2442 1439 2561 1499 Du
2825 1463 3063 1523 ſie
678 1469 924 1529 hier
1194 1466 1806 1526 nähnige

638 1676 1398 1736 villeicht
1710 1673 2497 1733 überſehen
2838 1702 3361 1762 haſt.

761 1847 898 1907 Mau
947 1867 1258 1927 pareebtune
1309 1883 1395 1943 Mn
1419 1895 1644 1955 NMa.
1668 1926 2514 1986 Bannorn

668 1911 785 1971 Wiet
839 1934 1184 1994 DOReL2
1274 1955 1383 2015 Piue
1419 1967 1582 2027 depteuu
1636 1977 1717 2037 qua
1781 1987 1907 2047 eutteu
1962 1997 2142 2057 Mntin
2188 2007 2350 2067 lgene
2387 2018 2596 2078 ne.

664 1983 794 2043 Wirtte
830 1995 951 2055 sien
1004 2007 1090 2067 fehr
1142 2018 1299 2078 ptarcten
1361 2035 1596 2095 lrpota:
1630 2047 1727 2107 Die
1778 2064 2153 2124 Mitenten
2222 2082 2405 2142 maunten

663 2052 732 2112 Der
802 2065 940 2125 lebleu
1001 2075 1010 2135 M
1113 2089 1339 2149 Patunt
1374 2109 1643 2169 Genneu.
1677 2121 1764 2181 Die
1808 2135 2120 2195 Ruptelune
2163 2148 2249 2208 maun
2285 2153 2319 2213 iu
2380 2162 2562 2222 bnen

651 2126 761 2186 Hebt
797 2145 1184 2205 belrtetieent.
1221 2164 1313 2224 Die
1349 2177 1598 2237 bbapie
1626 2193 1791 2253 pautte
1828 2203 1948 2263 Duuu
1994 2214 2132 2274 bnre
2160 2228 2545 2288 iulraneenhe

653 2213 1238 2273 Beilegudeptachen,
1266 2237 1314 2297 da
1372 2245 1439 2305 dior
1486 2257 1727 2317 Miibes
1765 2269 1890 2329 Doh.
1909 2282 2205 2342 blareu
2264 2297 2417 2357 rutiu
2465 2308 2581 2368 ben.

625 2270 835 2330 »aMnu
908 2293 1156 2353 beaFuu.
1183 2311 1430 2371 DeGoeà
1475 2335 1916 2395 GuutbieMienen
1952 2358 2336 2418 leileeteil
2355 2373 2529 2433 Mrean

633 2344 892 2404 Derefune
929 2368 1296 2428 Decheluue.
1332 2386 1440 2446 Geln
1475 2395 1583 2455 unt
1628 2406 1807 2466 Piaucel
1843 2420 2049 2480 GetGer
2120 2440 2533 2500 DDPeuatte

645 2415 914 2475 Mrßtes,
941 2429 981 2489 al
1089 2443 1182 2503 da.
1208 2453 1330 2513 Sut
1384 2464 1504 2524 de.
1517 2473 1665 2533 A.
1693 2492 2108 2552 MaR229.
2122 2506 2216 2566 Mut
2283 2515 2404 2575 Rkt
2444 2525 2565 2585 ae

571 2484 744 2544 Pn
829 2502 1073 2562 Ahe

620 2784 876 2844 auch
1002 2781 1358 2841 lege
1512 2778 1667 2838 ich
1818 2776 2253 2836 einen
2609 2791 3045 2851 Brief
3196 2823 3401 2883 des

641 3061 1031 3121 Herrn
1248 3050 2004 3110 Christian
2394 3070 2937 3130 Schefer

625 3324 1131 3384 bei,
1193 3302 1341 3362 den
1719 3294 1844 3354 ich
2160 3301 2477 3361 noch
2749 3310 2812 3370 in

585 3590 1507 3650 Frankfurt
1692 3574 2595 3634 erhielt.
2688 3602 3203 3662 Schicke

581 3859 759 3919 ihm
1015 3860 1154 3920 ein
1391 3855 2143 3915 Exemplar
2480 3852 2755 3912 von

559 4104 1496 4164 »Alourer«
1855 4100 2337 4160 ebenſo
2619 4107 3150 4167 eines

588 4403 686 4463 an
982 4423 1540 4483 Lalo,
1605 4412 1703 4472 ein
1982 4384 2524 4444 drittes
2768 4379 2868 4439 an

607 4708 1978 4768 Mdahyzeua,
2050 4710 2345 4770 9.
2417 4693 2784 4753 Rue

565 4965 1766 5025 Coetlogon.
1868 4964 2225 5024 Auch
2405 4954 2914 5014 ſchicke

665 5229 934 5289 mir
1381 5224 1710 5284 noch
1905 5234 2352 5294 zwei
2680 5221 2890 5281 oder
