3963 5836
433 1046 704 1106 Was
842 1048 938 1108 Du
1192 1048 1426 1108 über
1581 1047 1716 1107 die
1892 1048 2748 1108 Jedenfrage
2885 1057 2924 1117 im

586 1260 1724 1320 Zuſammenhang
1921 1254 2162 1314 mit
2295 1254 2799 1314 Herzls
2929 1264 3281 1324 Buch

507 1496 1306 1556 ſchreibſt,
1389 1495 1535 1555 iſt
1683 1490 2188 1550 prächtig
2396 1480 2670 1540 und
2880 1472 3154 1532 mir

659 1691 997 1751 ganz
1103 1690 1335 1750 aus
1494 1692 1617 1752 der
1902 1695 2205 1755 Seele
2454 1715 3483 1775 geſprochen.

483 1898 721 1958 Aber
839 1892 1039 1952 das
1159 1889 1437 1949 Buch
1577 1886 1695 1946 iſt
1835 1889 2452 1949 wirklich
2652 1921 3089 1981 albere

564 2127 1424 2187 oberflächlich
1579 2136 1800 2196 noch
1890 2134 2154 2194 dazu
2461 2134 2684 2194 und
2883 2156 3259 2216 falſch

526 2354 1630 2414 ſentimental.
1716 2354 2008 2414 Echte
2215 2363 2799 2423 ſchlechte

694 2580 3040 2640 Feuilletonſten-Literater

559 2759 776 2819 Aber
922 2781 1103 2841 wie
1356 2787 2116 2847 verbährt,
2170 2776 2425 2836 wie
2642 2774 2986 2834 falſch

501 2991 1233 3051 brobachtend
1440 3006 1721 3066 muß
1928 3003 2039 3063 ein
2320 3005 2827 3065 Menſch
3015 3033 3222 3093 ſein

530 3214 655 3274 der
825 3222 1080 3282 heut
1312 3226 1502 3286 noch
1648 3226 2409 3286 behauptet,
2475 3230 2621 3290 die
2876 3246 3191 3306 Jeden

486 3470 756 3530 ſclien
1118 3454 1256 3514 ein
1573 3435 2115 3495 Volk.
2230 3428 2342 3488 Du
2614 3431 2839 3491 und
3044 3444 3179 3504 ich

485 3664 620 3724 der
825 3654 1167 3714 Nadbs
1324 3648 1552 3708 Len
1756 3644 2121 3704 dbct
2301 3651 2688 3711 Bock
2915 3675 3255 3735 wid

468 3869 580 3929 der
789 3885 1141 3945 Jnd.
1204 3885 1334 3945 Der
1686 3872 2006 3932 neten
2326 3861 3176 3921 ehandel.

579 4118 993 4178 ſchreit
1227 4106 1244 4166 –
1478 4095 1621 4155 ein
1910 4078 2357 4138 Volk!
2555 4069 2807 4129 Das
2880 4070 3040 4130 iſt

452 4317 661 4377 echt
786 4326 1375 4386 Herzl.
1458 4315 1565 4375 So
1732 4305 1899 4365 hat
2068 4295 2151 4355 er
2342 4288 2654 4348 auch
2866 4292 3032 4352 die

605 4530 1547 4590 franzöſiſchen
1868 4505 2269 4565 Dinge
2511 4518 3353 4578 angeſchant

494 4736 750 4796 u.
811 4733 1325 4793 immer
1642 4729 2296 4789 unrichtig
2571 4753 3284 4813 geſehen.

540 4959 712 5019 Fer
938 4962 1199 5022 mich
1441 4964 1736 5024 gibt
1928 4964 2014 5024 es
2189 4964 2379 5024 eben
2832 4969 2987 5029 nur

563 5184 853 5244 eine
1017 5182 1528 5242 Löſung
1709 5175 1801 5235 der
2073 5170 3129 5230 Judenfrage:

619 5389 853 5449 daß
1048 5388 1185 5448 die
1401 5386 1772 5446 Jeiden
2025 5379 2826 5439 ſchließdicg
