3966 5818
1818 1243 2293 1303 Paris,
2405 1257 2579 1317 3.
2658 1268 3421 1328 December.

1031 1689 1325 1749 Mein
1512 1708 1826 1768 lieber
1972 1706 2558 1766 Freund,

716 1897 802 1957 In
925 1927 1972 1987 Angelegenheit,
2041 1925 2164 1985 der
2285 1918 3194 1978 Aufführung
3280 1929 3472 1989 von

665 2120 1242 2180 »Liebelei
1449 2122 1531 2182 in
1736 2120 2149 2180 Paris
2295 2122 2501 2182 habe
2583 2125 2708 2185 ich
2852 2138 3306 2198 geſtern

707 2322 1046 2382 einen
1179 2337 1535 2397 Schrtt
1687 2341 2233 2401 gethan,
2347 2338 2496 2398 den
2704 2338 2855 2398 ich
2967 2344 3553 2404 längt,

693 2552 959 2612 thun
1130 2554 1662 2614 wollte.
1761 2556 1880 2616 Ich
1979 2558 2293 2618 war
2415 2561 2562 2621 bei
2706 2564 2975 2624 Lan
3118 2571 3606 2631 Rorel,

738 2798 1026 2858 »ſen
1181 2778 1624 2838 Nemen
1836 2774 1934 2834 Du
2048 2775 2666 2835 gewißt
2782 2781 3340 2841 kennſt.

665 2992 859 3052 Sehr
945 2999 1438 3059 braner
1753 3000 1912 3060 u.
1964 2998 3071 3058 gewiſſenhafter

711 3214 1258 3274 Menſch,
1315 3221 1772 3281 wenig
1937 3224 2667 3284 Künſtler,
2776 3224 3289 3284 großer

641 3426 1397 3486 Freund,
1457 3431 2517 3491 Kanstmanris
2712 3441 2940 3501 von
3090 3446 3288 3506 dem

593 3615 649 3675 er
818 3631 960 3691 die
1228 3645 1764 3705 »Weber«
1921 3642 2218 3702 u:.
2302 3636 3008 3696 Hannele«
3150 3639 3333 3699 für

645 3834 762 3894 die
906 3857 1335 3917 Parſer
1572 3870 2426 3930 Aufführung
2593 3872 3283 3932 überſetzt
3377 3893 3618 3953 hat,

630 4079 1264 4139 Autiniis
1448 4088 1476 4148 e
1703 4088 1914 4148 vor
2210 4082 2804 4142 Autoine
2959 4082 3326 4142 etc.

701 4282 815 4342 Ich
892 4293 1123 4353 habe
1221 4296 1431 4356 ihm
1624 4296 1856 4356 von
2087 4289 2643 4349 Deinem
2837 4288 3145 4348 Nud

667 4536 1572 4596 Geſprochen,
1664 4524 2089 4584 est
2257 4502 3477 4562 lres-énballe.

595 4736 902 4796 de-
1008 4738 1556 4798 dovsis
1757 4732 2090 4792 will
2225 4730 2304 4790 es
2437 4731 2826 4791 gern
3053 4753 3519 4813 über¬

1974 4925 2089 4985 der
2452 4948 3358 5008 Bedingung
624 4965 1060 5025 ſetzen
1395 4954 1957 5014 unter:

702 5195 1275 5255 frelich,
1329 5181 1548 5241 daß
1710 5178 1848 5238 es
2148 5181 2340 5241 zer
2529 5207 3567 5267 Aufführung
