3951 5827
799 897 1268 957 Schade,
1339 886 1558 946 daß
1706 874 1849 934 Du
2103 860 2393 920 das
2648 885 3443 945 »befrewuch

553 1149 962 1209 Wort
1101 1128 1429 1188 nicht
1568 1099 2282 1159 findeſt.
2390 1099 2610 1159 Lſ
2885 1167 3514 1227 Ligenklih

518 1377 708 1437 iſt
775 1369 901 1429 es
1032 1359 1736 1419 enzölich
1862 1360 2218 1420 ſchon
2408 1376 3179 1436 enthalten

430 1618 540 1678 in
789 1602 953 1662 dem
1175 1599 2221 1659 Ausſpruch:
2275 1596 2965 1656 »Solhe

2872 1804 3132 1864 gar
406 1859 905 1919 »eute
1085 1832 1407 1892 haben
1726 1812 1764 1872 in
2047 1800 2655 1860 Frieden

457 2082 896 2142 keine
989 2014 3201 2074 Exiſtenz-Berechtegung«

489 2318 844 2378 Laß’
917 2303 1034 2363 den
1202 2277 2082 2337 Schauſpieler
2269 2257 2530 2317 das
2818 2250 3126 2310 mir

456 2561 835 2621 recht
938 2526 1571 2586 kräftig
1775 2477 2082 2537 und
2286 2467 3401 2527 deutungswoll

456 2829 1161 2889 ſagen.

741 3063 889 3123 Ich
963 3056 1213 3116 hab’
1262 3047 1586 3107 einen
1836 3031 2731 3091 Angenblick
2956 3020 3252 3080 mit

508 3256 638 3316 der
813 3256 1032 3316 Ide
1318 3266 2455 3326 geliebrängelt,
2520 3260 2738 3320 hier
2957 3240 3219 3300 auch

457 3474 686 3534 dien
841 3471 1123 3531 Tage
1225 3479 2148 3539 durchzugehen
2431 3482 2713 3542 und
2944 3463 3227 3523 zur

494 3713 1094 3773 Premièrs
1288 3696 1336 3756 zu
1611 3677 2699 3737 kommen.
2763 3672 3056 3732 Aber

477 3949 756 4009 wie
835 3925 1677 3985 gewöhnlich
1782 3899 2190 3959 fehlte
2418 3887 2650 3947 das
2881 3890 3416 3950 geld.

1422 4139 1550 4199 ich
1705 4135 1960 4195 doch
2165 4116 2523 4176 nicht
2650 4102 2909 4162 nie
2918 4130 3034 4190 ihr
3148 4146 3472 4206 jung
500 4190 1226 4250 nicſli

586 4403 1117 4463 geang
1246 4377 1472 4437 für
1702 4356 2082 4416 ſolche
2283 4353 2868 4413 Zufaren
2979 4401 3276 4461 Sück
3355 4460 3456 4520 ein

443 4626 562 4686 Ich
644 4630 904 4690 minſt
964 4626 1142 4686 alſo
1283 4608 1784 4668 wieder
2005 4582 2305 4642 aus
2486 4574 2605 4634 der
2885 4587 3346 4647 Ferne

578 4815 1455 4875 zuſchauen.
1507 4800 1816 4860 Statt
1972 4796 2523 4856 meiner
2713 4794 3298 4854 kommen

541 5021 983 5081 meine
1160 5000 1991 5060 Wünſche;
2060 4993 2220 5053 ſie
2325 4986 2679 5046 ſollen
2909 4967 3086 5027 Dir

486 5194 765 5254 alle
858 5211 1160 5271 Liebe
1256 5213 1674 5273 Gute,
1746 5200 2049 5260 Frohe
2164 5185 2374 5245 für
2539 5165 3190 5225 Wenſtag

440 5384 771 5444 Abend
830 5401 1433 5461 bringen.
1491 5393 1590 5453 Ich
1687 5378 2370 5438 umarme
2486 5366 2721 5426 Dich
2857 5372 3053 5432 von
3189 5396 3424 5456 Her¬

2496 5491 2725 5551 bern
2832 5503 3044 5563 tier
3151 5518 3575 5578 Baklie.
