3875 5744
625 765 987 825 ſofort
1167 777 1571 837 meine
1853 781 1973 841 Un
2255 803 3360 863 Unterwegs¬

572 1027 1089 1087 Adreſſe
1229 1038 1513 1098 mit
1700 1031 1960 1091 und
2149 1028 2453 1088 wir
2666 1062 3207 1122 Abeiber

617 1264 975 1324 dann
1116 1267 1434 1327 wohl
1555 1261 1634 1321 in
1936 1252 3212 1312 Verbindung.

717 1500 1030 1560 Wie
1188 1490 1656 1550 innig
1814 1483 1944 1543 ich
2102 1482 2415 1542 mich
2650 1502 3332 1562 darauf,

638 1771 1062 1831 freue
1331 1747 1552 1807 Dich
1710 1744 3141 1804 wiederzuſehen,

621 1999 1192 2059 brauche
1305 1984 1443 2044 ich
1625 1982 2036 2042 kaum
2242 1984 2332 2044 zu
2585 1988 3336 2048 ſagen.

635 2263 978 2323 Und
1121 2249 1932 2309 Richard,
2095 2244 2617 2304 werde
2778 2247 2942 2307 ich
3195 2251 3374 2311 den

675 2502 988 2562 auch
1116 2510 1652 2570 ſehen!

1278 2797 1419 2857 Ich
1488 2814 1792 2874 habe
1910 2837 2332 2897 oft?
2683 2837 3079 2897 dieſen

659 3072 1154 3132 Wahen
1268 3087 1402 3147 der
1629 3103 2171 3163 ſchönen
2465 3109 2803 3169 Tage
3030 3102 3142 3162 im

674 3375 1287 3435 übrigen
1561 3386 1947 3446 Jahre
2153 3377 2879 3437 gedacht.
3040 3369 3221 3429 Ich

601 3637 1420 3697 wünſchte,
1498 3650 1629 3710 ich
1789 3656 2396 3716 könnte
2634 3681 3215 3741 wieder

712 3915 1088 3975 Ein,
1162 3927 1438 3987 nach
1540 3940 1965 4000 Ischl
2040 3961 2517 4021 zund
2666 3984 2744 4044 zu
2967 4015 3268 4075 Eug

665 4209 791 4269 Ich
889 4230 1138 4290 habe
1264 4252 1961 4312 Heimweh
2160 4262 2483 4322 nach
2759 4274 3033 4334 dem

577 4499 1177 4559 Allen.
1263 4512 1370 4572 Du
1501 4520 1866 4580 ahnſt
1952 4534 2425 4594 nicht,
2489 4554 2855 4614 mein
3047 4596 3434 4656 lieber

669 4743 1219 4803 Freuind,
1277 4759 1533 4819 wie
1708 4798 2652 4858 aurzweifelt
2807 4827 3121 4887 und

626 4988 1135 5048 troſlos
1245 5001 1380 5061 ich
1468 5009 1801 5069 bin.
1977 5041 2819 5101 Manchmal
2954 5112 3508 5172 Panne

631 5261 758 5321 ich
887 5266 1164 5326 über
1354 5266 1652 5326 mich
1802 5267 2354 5327 ſelber,
2525 5285 2781 5345 daß
