<?xml version="1.0" encoding="UTF-8" standalone="yes"?>
<PcGts xmlns="http://schema.primaresearch.org/PAGE/gts/pagecontent/2013-07-15" xmlns:xsi="http://www.w3.org/2001/XMLSchema-instance" xsi:schemaLocation="http://schema.primaresearch.org/PAGE/gts/pagecontent/2013-07-15 http://schema.primaresearch.org/PAGE/gts/pagecontent/2013-07-15/pagecontent.xsd">
    <Metadata>
        <Creator>prov=READ-COOP:name=PyLaia@TranskribusPlatform:version=0.7.3:model_id=42131:lm=none:date=12_07_2022_11:36
prov=READ-COOP:name=PyLaia@Transkribus:version=0.7.3:model_id=42131:date=12_07_2022_11:35
prov=University of Rostock/Institute of Mathematics/CITlab|PLANET AI GmbH/Tobias Gruening/tobias.gruening@planet-ai.de:name=de.uros.citlab.module.baseline2polygon.B2PSeamMultiOriented:v=2.6.7</Creator>
        <Created>2022-03-31T12:07:02.552+02:00</Created>
        <LastChange>2022-08-08T11:20:11.433+02:00</LastChange>
        <TranskribusMetadata docId="958772" pageId="37204509" pageNr="135" tsid="92990149" status="IN_PROGRESS" userId="64420" imgUrl="https://files.transkribus.eu/Get?id=WRHYOGXTPGAMDULZSJGEFKPP&amp;fileType=view" xmlUrl="https://files.transkribus.eu/Get?id=AORAWAZKRGCZEZSHVQBNJJXW" imageId="30004680"/>
    </Metadata>
    <Page imageFilename="DLA_65_95_00145 HS.NZ85.1.3165_0075-1.jpg" imageWidth="3883" imageHeight="5743">
        <ReadingOrder>
            <OrderedGroup id="ro_1660647783945" caption="Regions reading order">
                <RegionRefIndexed index="0" regionRef="r1"/>
            </OrderedGroup>
        </ReadingOrder>
        <TextRegion orientation="0.0" id="r1" custom="readingOrder {index:0;}">
            <Coords points="486,473 486,5163 3586,5163 3586,473"/>
            <TextLine id="r1l5" custom="readingOrder {index:0;} dateline {offset:0; length:21;} opener {offset:0; length:21; continued:true;} latintype {offset:0; length:5;} letter-begin {offset:0; length:0;} date {offset:7; length:13;}">
                <Coords points="2004,804 2123,857 2478,819 2733,976 2886,1005 3184,922 3390,1004 3406,857 3356,821 3247,851 3015,762 2833,789 2687,733 2463,778 2223,622 2024,627"/>
                <Baseline points="2024,786 2091,793 2159,800 2227,807 2294,814 2362,819 2430,826 2497,831 2565,838 2633,844 2701,852 2768,859 2836,866 2904,874 2971,882 3039,892 3107,902 3174,912 3242,924 3481,1010 3549,1023"/>
                <Word id="r1l5_w1" custom="readingOrder {index:0;} latintype {offset:0; length:5;}">
                    <Coords points="2090,774 2090,834 2521,834 2521,774"/>
                    <TextEquiv>
                        <Unicode>Paris,</Unicode>
                    </TextEquiv>
                </Word>
                <Word id="r1l5_w2" custom="readingOrder {index:1;}">
                    <Coords points="2586,813 2586,873 2852,873 2852,813"/>
                    <TextEquiv>
                        <Unicode>19.</Unicode>
                    </TextEquiv>
                </Word>
                <Word id="r1l5_w3" custom="readingOrder {index:2;}">
                    <Coords points="2884,868 2884,928 3416,928 3416,868"/>
                    <TextEquiv>
                        <Unicode>Scbarbe</Unicode>
                    </TextEquiv>
                </Word>
                <TextEquiv>
                    <Unicode>Paris, 12. September.</Unicode>
                </TextEquiv>
            </TextLine>
            <TextLine id="r1l10" custom="readingOrder {index:1;} salute {offset:0; length:19;} opener {offset:0; length:19; continued:true;}">
                <Coords points="1078,1560 1970,1655 2285,1581 2843,1729 2856,1513 2555,1427 2015,1545 1868,1477 1087,1420"/>
                <Baseline points="1100,1506 1186,1520 1273,1531 1359,1542 1446,1551 1532,1560 1619,1567 1705,1575 1792,1581 1878,1586 1965,1592 2051,1595 2138,1600 2224,1604 2311,1608 2397,1611 2484,1614 2570,1616 2657,1619 2796,1638 2883,1640"/>
                <Word id="r1l10_w1" custom="readingOrder {index:0;}">
                    <Coords points="1144,1497 1144,1557 1505,1557 1505,1497"/>
                    <TextEquiv>
                        <Unicode>Mrein</Unicode>
                    </TextEquiv>
                </Word>
                <Word id="r1l10_w2" custom="readingOrder {index:1;}">
                    <Coords points="1745,1549 1745,1609 2106,1609 2106,1549"/>
                    <TextEquiv>
                        <Unicode>debden</Unicode>
                    </TextEquiv>
                </Word>
                <Word id="r1l10_w3" custom="readingOrder {index:2;}">
                    <Coords points="2303,1576 2303,1636 2866,1636 2866,1576"/>
                    <TextEquiv>
                        <Unicode>Frbrih,</Unicode>
                    </TextEquiv>
                </Word>
                <TextEquiv>
                    <Unicode>Mein lieber Freund,</Unicode>
                </TextEquiv>
            </TextLine>
            <TextLine id="r1l11" custom="readingOrder {index:2;} structure {type:paragraph;} date {offset:5; length:7;} latintype {offset:31; length:5;} place {offset:31; length:5;}">
                <Coords points="544,1816 1032,1995 1605,1937 1932,2082 2198,1947 3418,2007 3505,1736 2867,1918 2391,1747 2119,1831 1529,1817 1352,1708 957,1782 764,1667 548,1734"/>
                <Baseline points="562,1828 707,1845 853,1862 998,1876 1144,1889 1289,1902 1435,1911 1580,1920 1726,1927 1871,1934 2017,1940 2162,1945 2308,1950 2453,1954 2599,1958 2744,1962 2890,1968 3035,1972 3181,1977 3326,1984 3472,1990"/>
                <Word id="r1l11_w1" custom="readingOrder {index:0;}">
                    <Coords points="603,1805 603,1865 812,1865 812,1805"/>
                    <TextEquiv>
                        <Unicode>Seit</Unicode>
                    </TextEquiv>
                </Word>
                <Word id="r1l11_w2" custom="readingOrder {index:1;}">
                    <Coords points="1025,1855 1025,1915 1399,1915 1399,1855"/>
                    <TextEquiv>
                        <Unicode>geſtera</Unicode>
                    </TextEquiv>
                </Word>
                <Word id="r1l11_w3" custom="readingOrder {index:2;}">
                    <Coords points="1611,1886 1611,1946 1800,1946 1800,1886"/>
                    <TextEquiv>
                        <Unicode>bin</Unicode>
                    </TextEquiv>
                </Word>
                <Word id="r1l11_w4" custom="readingOrder {index:3;}">
                    <Coords points="1963,1900 1963,1960 2105,1960 2105,1900"/>
                    <TextEquiv>
                        <Unicode>ich</Unicode>
                    </TextEquiv>
                </Word>
                <Word id="r1l11_w5" custom="readingOrder {index:4;}">
                    <Coords points="2222,1913 2222,1973 2669,1973 2669,1913"/>
                    <TextEquiv>
                        <Unicode>wieder</Unicode>
                    </TextEquiv>
                </Word>
                <Word id="r1l11_w6" custom="readingOrder {index:5;}">
                    <Coords points="2808,1926 2808,1986 2878,1986 2878,1926"/>
                    <TextEquiv>
                        <Unicode>in</Unicode>
                    </TextEquiv>
                </Word>
                <Word id="r1l11_w7" custom="readingOrder {index:6;} latintype {offset:0; length:5;}">
                    <Coords points="3067,1942 3067,2002 3515,2002 3515,1942"/>
                    <TextEquiv>
                        <Unicode>Paris</Unicode>
                    </TextEquiv>
                </Word>
                <TextEquiv>
                    <Unicode>Seit geſtern bin ich wieder in Paris,</Unicode>
                </TextEquiv>
            </TextLine>
            <TextLine id="r1l12" custom="readingOrder {index:3;}">
                <Coords points="524,2142 1357,2168 1504,2276 2114,2167 3107,2348 3239,2245 3490,2292 3497,2121 3192,2170 2644,2028 2442,2128 529,2026"/>
                <Baseline points="544,2090 690,2107 836,2121 983,2132 1129,2144 1276,2153 1422,2160 1568,2166 1715,2172 1861,2176 2008,2180 2154,2184 2300,2190 2447,2194 2593,2198 2740,2204 2886,2212 3032,2219 3179,2229 3325,2240 3472,2254"/>
                <Word id="r1l12_w1" custom="readingOrder {index:0;}">
                    <Coords points="551,2061 551,2121 742,2121 742,2061"/>
                    <TextEquiv>
                        <Unicode>und</Unicode>
                    </TextEquiv>
                </Word>
                <Word id="r1l12_w2" custom="readingOrder {index:1;}">
                    <Coords points="874,2093 874,2153 1140,2153 1140,2093"/>
                    <TextEquiv>
                        <Unicode>all’</Unicode>
                    </TextEquiv>
                </Word>
                <Word id="r1l12_w3" custom="readingOrder {index:2;}">
                    <Coords points="1218,2113 1218,2173 1350,2173 1350,2113"/>
                    <TextEquiv>
                        <Unicode>des</Unicode>
                    </TextEquiv>
                </Word>
                <Word id="r1l12_w4" custom="readingOrder {index:3;}">
                    <Coords points="1484,2128 1484,2188 1788,2188 1788,2128"/>
                    <TextEquiv>
                        <Unicode>Shur</Unicode>
                    </TextEquiv>
                </Word>
                <Word id="r1l12_w5" custom="readingOrder {index:4;}">
                    <Coords points="1923,2139 1923,2199 2038,2199 2038,2139"/>
                    <TextEquiv>
                        <Unicode>der</Unicode>
                    </TextEquiv>
                </Word>
                <Word id="r1l12_w6" custom="readingOrder {index:5;}">
                    <Coords points="2305,2156 2305,2216 2743,2216 2743,2156"/>
                    <TextEquiv>
                        <Unicode>letzten</Unicode>
                    </TextEquiv>
                </Word>
                <Word id="r1l12_w7" custom="readingOrder {index:6;}">
                    <Coords points="2953,2189 2953,2249 3410,2249 3410,2189"/>
                    <TextEquiv>
                        <Unicode>Wochen</Unicode>
                    </TextEquiv>
                </Word>
                <TextEquiv>
                    <Unicode>und all’ das Schöne der letzten Wochen</Unicode>
                </TextEquiv>
            </TextLine>
            <TextLine id="r1l13" custom="readingOrder {index:4;}">
                <Coords points="460,2454 874,2495 1108,2370 1339,2501 1623,2389 1854,2532 2478,2447 3064,2633 3601,2595 3609,2405 3414,2338 469,2264"/>
                <Baseline points="486,2328 641,2349 796,2365 951,2380 1106,2390 1261,2398 1416,2404 1571,2407 1726,2410 1881,2412 2036,2414 2191,2416 2346,2419 2501,2424 2656,2430 2811,2438 2966,2449 3121,2463 3276,2482 3431,2505 3586,2532"/>
                <Word id="r1l13_w1" custom="readingOrder {index:0;}">
                    <Coords points="474,2297 474,2357 643,2357 643,2297"/>
                    <TextEquiv>
                        <Unicode>iſt</Unicode>
                    </TextEquiv>
                </Word>
                <Word id="r1l13_w2" custom="readingOrder {index:1;}">
                    <Coords points="764,2334 764,2394 1034,2394 1034,2334"/>
                    <TextEquiv>
                        <Unicode>nicht</Unicode>
                    </TextEquiv>
                </Word>
                <Word id="r1l13_w3" custom="readingOrder {index:2;}">
                    <Coords points="1227,2361 1227,2421 1497,2421 1497,2361"/>
                    <TextEquiv>
                        <Unicode>mehr</Unicode>
                    </TextEquiv>
                </Word>
                <Word id="r1l13_w4" custom="readingOrder {index:3;}">
                    <Coords points="1642,2372 1642,2432 2226,2432 2226,2372"/>
                    <TextEquiv>
                        <Unicode>wahr.</Unicode>
                    </TextEquiv>
                </Word>
                <Word id="r1l13_w5" custom="readingOrder {index:4;}">
                    <Coords points="2326,2388 2326,2448 2934,2448 2934,2388"/>
                    <TextEquiv>
                        <Unicode>Eswrem</Unicode>
                    </TextEquiv>
                </Word>
                <Word id="r1l13_w6" custom="readingOrder {index:5;}">
                    <Coords points="3056,2443 3056,2503 3519,2503 3519,2443"/>
                    <TextEquiv>
                        <Unicode>Koſtliche</Unicode>
                    </TextEquiv>
                </Word>
                <TextEquiv>
                    <Unicode>iſt nicht mehr wahr. Es waren köſtliche</Unicode>
                </TextEquiv>
            </TextLine>
            <TextLine id="r1l14" custom="readingOrder {index:5;}">
                <Coords points="622,2573 1345,2638 1900,2805 2490,2702 3126,2785 3186,2649 2670,2633 2518,2521 2258,2627 1873,2519 1685,2603 1544,2512 1226,2560 632,2429"/>
                <Baseline points="642,2550 768,2563 894,2575 1020,2586 1146,2598 1272,2608 1398,2617 1524,2627 1650,2636 1776,2645 1902,2654 2028,2662 2154,2671 2280,2678 2406,2686 2532,2693 2658,2700 2784,2708 2910,2714 3111,2761 3237,2767"/>
                <Word id="r1l14_w1" custom="readingOrder {index:0;}">
                    <Coords points="681,2537 681,2597 1175,2597 1175,2537"/>
                    <TextEquiv>
                        <Unicode>Stunden</Unicode>
                    </TextEquiv>
                </Word>
                <Word id="r1l14_w2" custom="readingOrder {index:1;}">
                    <Coords points="1291,2577 1291,2637 1525,2637 1525,2577"/>
                    <TextEquiv>
                        <Unicode>mit</Unicode>
                    </TextEquiv>
                </Word>
                <Word id="r1l14_w3" custom="readingOrder {index:2;}">
                    <Coords points="1785,2615 1785,2675 2065,2675 2065,2615"/>
                    <TextEquiv>
                        <Unicode>Ech</Unicode>
                    </TextEquiv>
                </Word>
                <Word id="r1l14_w4" custom="readingOrder {index:3;}">
                    <Coords points="2207,2659 2207,2719 3077,2719 3077,2659"/>
                    <TextEquiv>
                        <Unicode>zuſommen</Unicode>
                    </TextEquiv>
                </Word>
                <TextEquiv>
                    <Unicode>Stunden mit Euch zuſammen,</Unicode>
                </TextEquiv>
            </TextLine>
            <TextLine id="r1l15" custom="readingOrder {index:6;}">
                <Coords points="504,2807 1947,3033 2215,2952 2462,3052 3403,3031 3410,2918 2734,2781 1178,2828 515,2621"/>
                <Baseline points="524,2792 667,2817 810,2838 953,2858 1096,2872 1239,2885 1382,2896 1525,2905 1668,2912 1811,2919 1954,2924 2097,2929 2240,2934 2383,2938 2526,2944 2669,2950 2812,2958 2955,2968 3098,2979 3241,2992 3384,3008"/>
                <Word id="r1l15_w1" custom="readingOrder {index:0;}">
                    <Coords points="699,2798 699,2858 929,2858 929,2798"/>
                    <TextEquiv>
                        <Unicode>Und</Unicode>
                    </TextEquiv>
                </Word>
                <Word id="r1l15_w2" custom="readingOrder {index:1;}">
                    <Coords points="1115,2848 1115,2908 1459,2908 1459,2848"/>
                    <TextEquiv>
                        <Unicode>mein</Unicode>
                    </TextEquiv>
                </Word>
                <Word id="r1l15_w3" custom="readingOrder {index:2;}">
                    <Coords points="1758,2881 1758,2941 2035,2941 2035,2881"/>
                    <TextEquiv>
                        <Unicode>Herz</Unicode>
                    </TextEquiv>
                </Word>
                <Word id="r1l15_w4" custom="readingOrder {index:3;}">
                    <Coords points="2080,2891 2080,2951 2266,2951 2266,2891"/>
                    <TextEquiv>
                        <Unicode>iſt</Unicode>
                    </TextEquiv>
                </Word>
                <Word id="r1l15_w5" custom="readingOrder {index:4;}">
                    <Coords points="2405,2905 2405,2965 2704,2965 2704,2905"/>
                    <TextEquiv>
                        <Unicode>noch</Unicode>
                    </TextEquiv>
                </Word>
                <Word id="r1l15_w6" custom="readingOrder {index:5;}">
                    <Coords points="2818,2935 2818,2995 3280,2995 3280,2935"/>
                    <TextEquiv>
                        <Unicode>warm</Unicode>
                    </TextEquiv>
                </Word>
                <TextEquiv>
                    <Unicode>und mein Herz iſt noch warm</Unicode>
                </TextEquiv>
            </TextLine>
            <TextLine id="r1l16" custom="readingOrder {index:7;} textStyle {offset:0; length:1;strikethrough:true; fontSize:0.0; kerning:0;} gap {offset:0; length:0;}">
                <Coords points="540,3052 3243,3304 3135,3118 2162,3031 1559,3103 548,2944"/>
                <Baseline points="562,3042 695,3058 828,3073 961,3086 1094,3099 1228,3109 1361,3121 1494,3131 1627,3140 1760,3149 1894,3157 2027,3166 2160,3174 2293,3182 2426,3189 2559,3196 2693,3204 2826,3212 2959,3220 3134,3240 3268,3248"/>
                <Word id="r1l16_w1" custom="readingOrder {index:0;}">
                    <Coords points="608,3008 608,3068 624,3068 624,3008"/>
                    <TextEquiv>
                        <Unicode>D</Unicode>
                    </TextEquiv>
                </Word>
                <Word id="r1l16_w2" custom="readingOrder {index:1;}">
                    <Coords points="879,3047 879,3107 1068,3107 1068,3047"/>
                    <TextEquiv>
                        <Unicode>von</Unicode>
                    </TextEquiv>
                </Word>
                <Word id="r1l16_w3" custom="readingOrder {index:2;}">
                    <Coords points="1228,3078 1228,3138 1449,3138 1449,3078"/>
                    <TextEquiv>
                        <Unicode>all</Unicode>
                    </TextEquiv>
                </Word>
                <Word id="r1l16_w4" custom="readingOrder {index:3;}">
                    <Coords points="1703,3111 1703,3171 1895,3171 1895,3111"/>
                    <TextEquiv>
                        <Unicode>dem</Unicode>
                    </TextEquiv>
                </Word>
                <Word id="r1l16_w5" custom="readingOrder {index:4;}">
                    <Coords points="2244,3158 2244,3218 2942,3218 2942,3158"/>
                    <TextEquiv>
                        <Unicode>Lieben,</Unicode>
                    </TextEquiv>
                </Word>
                <Word id="r1l16_w6" custom="readingOrder {index:5;}">
                    <Coords points="3005,3188 3005,3248 3194,3248 3194,3188"/>
                    <TextEquiv>
                        <Unicode>dar</Unicode>
                    </TextEquiv>
                </Word>
                <TextEquiv>
                    <Unicode>X von all dem Lieben, das</Unicode>
                </TextEquiv>
            </TextLine>
            <TextLine id="r1l17" custom="readingOrder {index:8;}">
                <Coords points="507,3397 1424,3521 1670,3414 2216,3451 2431,3567 2593,3444 3514,3564 3562,3400 2434,3362 2338,3267 1949,3363 1056,3295 732,3114 520,3145"/>
                <Baseline points="532,3314 682,3327 832,3341 982,3351 1132,3363 1283,3372 1433,3382 1583,3390 1733,3398 1883,3405 2034,3412 2184,3419 2334,3425 2484,3433 2634,3440 2785,3448 2935,3454 3085,3464 3235,3471 3385,3481 3536,3492"/>
                <Word id="r1l17_w1" custom="readingOrder {index:0;}">
                    <Coords points="625,3287 625,3347 756,3347 756,3287"/>
                    <TextEquiv>
                        <Unicode>IEhr</Unicode>
                    </TextEquiv>
                </Word>
                <Word id="r1l17_w2" custom="readingOrder {index:1;}">
                    <Coords points="927,3316 927,3376 1166,3376 1166,3316"/>
                    <TextEquiv>
                        <Unicode>mir</Unicode>
                    </TextEquiv>
                </Word>
                <Word id="r1l17_w3" custom="readingOrder {index:2;}">
                    <Coords points="1449,3361 1449,3421 2185,3421 2185,3361"/>
                    <TextEquiv>
                        <Unicode>gegeben.</Unicode>
                    </TextEquiv>
                </Word>
                <Word id="r1l17_w4" custom="readingOrder {index:3;}">
                    <Coords points="2292,3399 2292,3459 2943,3459 2943,3399"/>
                    <TextEquiv>
                        <Unicode>Tauſend</Unicode>
                    </TextEquiv>
                </Word>
                <Word id="r1l17_w5" custom="readingOrder {index:4;}">
                    <Coords points="3092,3434 3092,3494 3483,3494 3483,3434"/>
                    <TextEquiv>
                        <Unicode>Dank</Unicode>
                    </TextEquiv>
                </Word>
                <TextEquiv>
                    <Unicode>Ihr mir gegeben. Tauſend Dank</Unicode>
                </TextEquiv>
            </TextLine>
            <TextLine id="r1l18" custom="readingOrder {index:9;}">
                <Coords points="523,3745 586,3736 660,3775 912,3678 1018,3713 1205,3678 1211,3617 1110,3617 1008,3513 872,3471 760,3533 634,3511 596,3542 546,3529"/>
                <Baseline points="556,3604 587,3608 619,3613 650,3618 682,3623 714,3627 745,3632 777,3637 808,3640 840,3644 872,3648 903,3651 935,3655 966,3659 998,3661 1030,3664 1061,3665 1093,3666 1124,3668 1156,3668 1188,3668"/>
                <Word id="r1l18_w1" custom="readingOrder {index:0;}">
                    <Coords points="585,3611 585,3671 1221,3671 1221,3611"/>
                    <TextEquiv>
                        <Unicode>dafür,</Unicode>
                    </TextEquiv>
                </Word>
                <TextEquiv>
                    <Unicode>dafür!</Unicode>
                </TextEquiv>
            </TextLine>
            <TextLine id="r1l19" custom="readingOrder {index:10;} structure {type:paragraph;}">
                <Coords points="1039,3944 1830,3911 2134,4072 2353,3989 2653,4103 2822,4009 3087,4117 3289,4002 3296,3894 2694,3943 1481,3732 1049,3793"/>
                <Baseline points="1062,3892 1172,3892 1282,3892 1393,3894 1503,3898 1614,3904 1724,3911 1834,3918 1945,3927 2055,3937 2166,3946 2276,3955 2386,3964 2497,3974 2607,3983 2718,3991 2828,3998 2938,4004 3049,4010 3159,4012 3270,4014"/>
                <Word id="r1l19_w1" custom="readingOrder {index:0;}">
                    <Coords points="1091,3852 1091,3912 1324,3912 1324,3852"/>
                    <TextEquiv>
                        <Unicode>Hier</Unicode>
                    </TextEquiv>
                </Word>
                <Word id="r1l19_w2" custom="readingOrder {index:1;}">
                    <Coords points="1553,3869 1553,3929 1848,3929 1848,3869"/>
                    <TextEquiv>
                        <Unicode>ill</Unicode>
                    </TextEquiv>
                </Word>
                <Word id="r1l19_w3" custom="readingOrder {index:2;}">
                    <Coords points="1976,3894 1976,3954 2081,3954 2081,3894"/>
                    <TextEquiv>
                        <Unicode>es</Unicode>
                    </TextEquiv>
                </Word>
                <Word id="r1l19_w4" custom="readingOrder {index:3;}">
                    <Coords points="2188,3916 2188,3976 2397,3976 2397,3916"/>
                    <TextEquiv>
                        <Unicode>gar</Unicode>
                    </TextEquiv>
                </Word>
                <Word id="r1l19_w5" custom="readingOrder {index:4;}">
                    <Coords points="2567,3951 2567,4011 2882,4011 2882,3951"/>
                    <TextEquiv>
                        <Unicode>nicht</Unicode>
                    </TextEquiv>
                </Word>
                <Word id="r1l19_w6" custom="readingOrder {index:5;}">
                    <Coords points="3008,3971 3008,4031 3306,4031 3306,3971"/>
                    <TextEquiv>
                        <Unicode>recht,</Unicode>
                    </TextEquiv>
                </Word>
                <TextEquiv>
                    <Unicode>Hier will es gar nicht recht</Unicode>
                </TextEquiv>
            </TextLine>
            <TextLine id="r1l21" custom="readingOrder {index:11;} textStyle {offset:7; length:1;strikethrough:true; fontSize:0.0; kerning:0;} gap {offset:7; length:0;}">
                <Coords points="498,4227 1290,4169 1687,4295 2093,4180 3115,4244 3168,4133 2527,4024 2062,4149 1384,3965 970,4091 814,3986 503,4014"/>
                <Baseline points="522,4104 653,4119 784,4134 915,4145 1047,4154 1178,4163 1309,4168 1441,4172 1572,4176 1703,4180 1835,4180 1966,4182 2097,4182 2228,4184 2360,4184 2491,4184 2622,4184 2754,4184 2885,4186 3016,4188 3148,4192"/>
                <Word id="r1l21_w1" custom="readingOrder {index:0;}">
                    <Coords points="528,4092 528,4152 1020,4152 1020,4092"/>
                    <TextEquiv>
                        <Unicode>gehen.</Unicode>
                    </TextEquiv>
                </Word>
                <Word id="r1l21_w2" custom="readingOrder {index:1;}">
                    <Coords points="1124,4119 1124,4179 1144,4179 1144,4119"/>
                    <TextEquiv>
                        <Unicode>W</Unicode>
                    </TextEquiv>
                </Word>
                <Word id="r1l21_w3" custom="readingOrder {index:2;}">
                    <Coords points="1512,4140 1512,4200 1986,4200 1986,4140"/>
                    <TextEquiv>
                        <Unicode>Aözer</Unicode>
                    </TextEquiv>
                </Word>
                <Word id="r1l21_w4" custom="readingOrder {index:3;}">
                    <Coords points="2272,4144 2272,4204 2518,4204 2518,4144"/>
                    <TextEquiv>
                        <Unicode>und</Unicode>
                    </TextEquiv>
                </Word>
                <Word id="r1l21_w5" custom="readingOrder {index:4;}">
                    <Coords points="2703,4146 2703,4206 3094,4206 3094,4146"/>
                    <TextEquiv>
                        <Unicode>Sile</Unicode>
                    </TextEquiv>
                </Word>
                <TextEquiv>
                    <Unicode>gehen. X Körper und Seele</Unicode>
                </TextEquiv>
            </TextLine>
            <TextLine id="r1l22" custom="readingOrder {index:12;}">
                <Coords points="504,4329 1088,4535 1340,4391 1756,4522 2452,4416 3508,4534 3512,4387 3092,4267 2159,4234 1803,4349 1526,4248 1036,4332 806,4221 506,4260"/>
                <Baseline points="524,4308 672,4332 820,4353 968,4369 1117,4382 1265,4390 1413,4397 1562,4400 1710,4403 1858,4404 2007,4404 2155,4402 2303,4402 2451,4402 2600,4402 2748,4404 2896,4406 3045,4412 3193,4420 3341,4432 3490,4448"/>
                <Word id="r1l22_w1" custom="readingOrder {index:0;}">
                    <Coords points="561,4308 561,4368 1016,4368 1016,4308"/>
                    <TextEquiv>
                        <Unicode>wollen</Unicode>
                    </TextEquiv>
                </Word>
                <Word id="r1l22_w2" custom="readingOrder {index:1;}">
                    <Coords points="1151,4350 1151,4410 1402,4410 1402,4350"/>
                    <TextEquiv>
                        <Unicode>nicht</Unicode>
                    </TextEquiv>
                </Word>
                <Word id="r1l22_w3" custom="readingOrder {index:2;}">
                    <Coords points="1629,4363 1629,4423 1995,4423 1995,4363"/>
                    <TextEquiv>
                        <Unicode>mehr</Unicode>
                    </TextEquiv>
                </Word>
                <Word id="r1l22_w4" custom="readingOrder {index:3;}">
                    <Coords points="2133,4362 2133,4422 2200,4422 2200,4362"/>
                    <TextEquiv>
                        <Unicode>in</Unicode>
                    </TextEquiv>
                </Word>
                <Word id="r1l22_w5" custom="readingOrder {index:4;}">
                    <Coords points="2428,4362 2428,4422 2633,4422 2633,4362"/>
                    <TextEquiv>
                        <Unicode>das</Unicode>
                    </TextEquiv>
                </Word>
                <Word id="r1l22_w6" custom="readingOrder {index:5;}">
                    <Coords points="2768,4375 2768,4435 3451,4435 3451,4375"/>
                    <TextEquiv>
                        <Unicode>bisherige</Unicode>
                    </TextEquiv>
                </Word>
                <TextEquiv>
                    <Unicode>wollen nicht mehr in das bisherige</Unicode>
                </TextEquiv>
            </TextLine>
            <TextLine id="r1l23" custom="readingOrder {index:13;}">
                <Coords points="541,4637 1459,4650 1760,4767 2374,4629 2640,4788 3421,4613 2970,4486 2763,4596 2399,4517 1022,4578 722,4438 542,4524"/>
                <Baseline points="560,4582 702,4599 844,4613 986,4624 1128,4634 1270,4639 1412,4644 1554,4648 1696,4650 1838,4652 1980,4652 2122,4652 2264,4650 2406,4648 2548,4648 2690,4648 2832,4646 2974,4648 3116,4648 3258,4650 3400,4654"/>
                <Word id="r1l23_w1" custom="readingOrder {index:0;}">
                    <Coords points="595,4564 595,4624 915,4624 915,4564"/>
                    <TextEquiv>
                        <Unicode>Leben</Unicode>
                    </TextEquiv>
                </Word>
                <Word id="r1l23_w2" custom="readingOrder {index:1;}">
                    <Coords points="1088,4604 1088,4664 1798,4664 1798,4604"/>
                    <TextEquiv>
                        <Unicode>hinein,</Unicode>
                    </TextEquiv>
                </Word>
                <Word id="r1l23_w3" custom="readingOrder {index:2;}">
                    <Coords points="1862,4612 1862,4672 2054,4672 2054,4612"/>
                    <TextEquiv>
                        <Unicode>und</Unicode>
                    </TextEquiv>
                </Word>
                <Word id="r1l23_w4" custom="readingOrder {index:3;}">
                    <Coords points="2206,4609 2206,4669 2334,4669 2334,4609"/>
                    <TextEquiv>
                        <Unicode>ich</Unicode>
                    </TextEquiv>
                </Word>
                <Word id="r1l23_w5" custom="readingOrder {index:4;}">
                    <Coords points="2526,4607 2526,4667 2870,4667 2870,4607"/>
                    <TextEquiv>
                        <Unicode>muß</Unicode>
                    </TextEquiv>
                </Word>
                <Word id="r1l23_w6" custom="readingOrder {index:5;}">
                    <Coords points="3065,4609 3065,4669 3364,4669 3364,4609"/>
                    <TextEquiv>
                        <Unicode>alle</Unicode>
                    </TextEquiv>
                </Word>
                <TextEquiv>
                    <Unicode>Leben hinein, und ich muß alle</Unicode>
                </TextEquiv>
            </TextLine>
            <TextLine id="r1l24" custom="readingOrder {index:14;}">
                <Coords points="521,4905 1124,5028 1362,4893 2082,4975 3181,4893 3182,4815 2496,4769 1666,4836 1396,4757 1208,4836 970,4715 524,4746"/>
                <Baseline points="542,4834 673,4847 804,4858 935,4869 1066,4876 1197,4882 1328,4885 1459,4888 1590,4890 1721,4890 1852,4892 1983,4891 2114,4890 2245,4890 2376,4890 2507,4890 2638,4892 2769,4894 2900,4897 3031,4901 3162,4908"/>
                <Word id="r1l24_w1" custom="readingOrder {index:0;}">
                    <Coords points="574,4814 574,4874 960,4874 960,4814"/>
                    <TextEquiv>
                        <Unicode>Krnft</Unicode>
                    </TextEquiv>
                </Word>
                <Word id="r1l24_w2" custom="readingOrder {index:1;}">
                    <Coords points="1151,4851 1151,4911 2718,4911 2718,4851"/>
                    <TextEquiv>
                        <Unicode>zuſammeniehnen,</Unicode>
                    </TextEquiv>
                </Word>
                <Word id="r1l24_w3" custom="readingOrder {index:2;}">
                    <Coords points="2782,4855 2782,4915 2891,4915 2891,4855"/>
                    <TextEquiv>
                        <Unicode>um</Unicode>
                    </TextEquiv>
                </Word>
                <TextEquiv>
                    <Unicode>Kraft zuſammennehmen, um</Unicode>
                </TextEquiv>
            </TextLine>
            <TextLine id="r1l25" custom="readingOrder {index:15;}">
                <Coords points="551,5244 686,5276 878,5135 1024,5214 1254,5136 1714,5211 2571,5170 2650,5059 2383,5005 2076,5083 1647,5001 1312,5090 1018,5079 926,5000 553,5046"/>
                <Baseline points="572,5106 674,5113 777,5118 880,5122 983,5126 1086,5130 1188,5132 1291,5134 1394,5136 1497,5136 1600,5138 1702,5138 1805,5138 1908,5138 2011,5138 2114,5138 2216,5138 2319,5138 2422,5138 2698,5093 2801,5093"/>
                <Word id="r1l25_w1" custom="readingOrder {index:0;}">
                    <Coords points="581,5075 581,5135 865,5135 865,5075"/>
                    <TextEquiv>
                        <Unicode>mich</Unicode>
                    </TextEquiv>
                </Word>
                <Word id="r1l25_w2" custom="readingOrder {index:1;}">
                    <Coords points="1089,5090 1089,5150 1150,5150 1150,5090"/>
                    <TextEquiv>
                        <Unicode>zu</Unicode>
                    </TextEquiv>
                </Word>
                <Word id="r1l25_w3" custom="readingOrder {index:2;}">
                    <Coords points="1416,5098 1416,5158 2660,5158 2660,5098"/>
                    <TextEquiv>
                        <Unicode>überwinden,</Unicode>
                    </TextEquiv>
                </Word>
                <TextEquiv>
                    <Unicode>mich zu überwinden.</Unicode>
                </TextEquiv>
            </TextLine>
            <TextEquiv>
                <Unicode>Paris, 12. September.
Mein lieber Freund,
Seit geſtern bin ich wieder in Paris,
und all’ das Schöne der letzten Wochen
iſt nicht mehr wahr. Es waren köſtliche
Stunden mit Euch zuſammen,
und mein Herz iſt noch warm
X von all dem Lieben, das
Ihr mir gegeben. Tauſend Dank
dafür!
Hier will es gar nicht recht
gehen. X Körper und Seele
wollen nicht mehr in das bisherige
Leben hinein, und ich muß alle
Kraft zuſammennehmen, um
mich zu überwinden.</Unicode>
            </TextEquiv>
        </TextRegion>
    </Page>
</PcGts>
