3989 5864
446 655 1213 715 Schriftſteller
1431 675 1869 735 gehört
2154 685 2549 745 komm
2878 688 3161 748 mir

544 884 856 944 recht
951 891 1238 951 kalt
1360 897 1672 957 und
1912 904 2390 964 freumd
2488 908 2918 968 vor.
3087 908 3399 968 Aber

578 1107 1005 1167 welch
1129 1132 1456 1192 eine
1709 1129 2160 1189 ſchöne
2384 1118 3013 1178 Kritik,
3113 1144 3490 1204 deſer

543 1336 1105 1396 Bruni
1336 1341 2132 1401 alden.
2258 1326 2388 1386 Do
2593 1324 2799 1384 iſt
2849 1338 3516 1398 einmal

453 1548 1052 1608 Einer,
1243 1552 1389 1612 der
1555 1548 1821 1608 Dich
2011 1546 2396 1606 nach
2565 1561 3379 1621 Verdienſt

577 1763 1456 1823 würdigt.
1596 1753 1787 1813 Der
1954 1753 2479 1813 Erfolg
2588 1762 2782 1822 iſt
2946 1784 3277 1844 muß

522 1998 1251 2058 größer,
1371 1987 1614 2047 als
1817 1978 1980 2038 der
2223 1976 2506 2036 Ochs
2689 1981 2749 2041 –
2932 1999 3236 2059 oder

563 2204 686 2264 de
809 2212 1206 2272 Gens
1304 2214 1381 2274 –
1725 2212 1900 2272 die
2121 2210 2567 2270 Gaus
2693 2214 2742 2274 –
2914 2225 3163 2285 ſich
3261 2239 3360 2299 ſo

506 2416 572 2476 im
935 2422 1466 2482 Urtheil
1715 2422 1963 2482 über
2227 2426 2906 2486 Anatole
3054 2452 3553 2512 nier¬

557 2667 1115 2727 griffen
1339 2648 1731 2708 hat.
1869 2634 2207 2694 Auch
2344 2630 2709 2690 dazu
2933 2652 3354 2712 laß¬

554 2870 831 2930 Dich
947 2872 1226 2932 von
1458 2880 1966 2940 Herzen
2066 2870 3516 2930 beglückwünſchen,

595 3092 875 3152 Und
1004 3106 1384 3166 Dank
1538 3102 1793 3162 für
2022 3094 2177 3154 die
2381 3114 3504 3174 Überſendung¬

656 3316 763 3376 Es
894 3316 1110 3376 hat
1262 3321 1520 3381 mir
1803 3342 2277 3402 große
2472 3363 3144 3423 Freude

610 3564 1247 3624 gemacht
1488 3565 1642 3625 den
1883 3571 2503 3631 Artikel
2796 3588 2813 3648 -
2935 3594 3037 3654 er

632 3805 788 3865 iſt
947 3818 1576 3878 überdies
1731 3818 2091 3878 ſchön
2360 3833 3482 3893 geſchrieben.

549 4085 615 4145 zu
856 4078 1474 4138 leſen.

1218 4352 1911 4412 jedesmil
2130 4356 2486 4416 noch
2663 4390 3296 4450 ärgern

579 4551 711 4611 ich
846 4595 1135 4655 mich
1296 4616 1588 4676 über
1772 4611 1959 4671 den
2143 4606 2676 4666 STitel,
2807 4645 3366 4705 Liebele

483 4853 927 4913 Wenn
1111 4859 1220 4919 Du
1408 4848 2182 4908 müßteſt
2406 4860 2814 4920 wie
2961 4937 3551 4997 garſich

588 5095 652 5155 er
815 5100 1008 5160 kli
1155 5102 1737 5162 klinigt
1932 5103 2224 5163 und
2451 5116 2775 5176 wie
3034 5144 3098 5204 er

579 5353 848 5413 das
1026 5359 1498 5419 Werk
1790 5340 3204 5400 verkleinert.
