3967 5861
519 651 1403 711 Pakendſte.
1524 646 1662 706 Ich
1785 646 2391 706 glaube,
2460 648 2531 708 er
2721 658 3294 718 wird.

490 891 687 951 ſehr
815 891 1050 951 gut
1318 872 1842 932 geſpielt
1988 853 2583 913 werden
2744 866 3376 926 müſſen

514 1075 669 1135 die
846 1090 1746 1150 zwangloſe
2078 1061 2997 1121 natürliche

536 1290 1415 1350 Fröhlichkeit
1664 1286 2028 1346 ſtellt
2180 1284 2372 1344 den
2545 1288 3480 1348 Bomode¬

521 1503 915 1563 anten
1065 1518 1497 1578 keine
1760 1511 2211 1571 leichte
2437 1503 3450 1563 Aufgabe.

548 1707 847 1767 Auch
953 1721 1443 1781 möchte
1615 1720 1763 1780 ich
1893 1714 2319 1774 gleich
2468 1712 2746 1772 hier
2960 1728 3538 1788 ſagen,

581 1931 773 1991 daß
925 1944 1056 2004 ich
1162 1941 1982 2001 beſonders
2241 1922 2543 1982 dieſe
2737 1939 3383 1999 einfache

2230 2136 3294 2196 bewundert
628 2169 1167 2229 Sprache
1276 2167 1882 2227 überall

613 2386 1006 2446 habe.
1226 2352 1511 2412 Das
1706 2341 1926 2401 die
2145 2342 2626 2402 Leute
2780 2368 3415 2428 ſprechen

617 2578 682 2638 im
994 2565 1619 2625 Stück,
1667 2564 1946 2624 wie
2127 2565 2193 2625 im
2604 2573 3259 2633 Leben.

649 2796 1193 2856 Welch’
1266 2793 1573 2853 eine
1834 2784 2331 2844 Kunſt
2475 2787 2571 2847 da
2832 2826 3663 2886 Deinſteckſt

661 3018 799 3078 Im
977 3038 1554 3098 zweiten
1912 3024 2228 3084 Uhl
2408 3013 2428 3073 –
2626 3008 2924 3068 und
3082 3022 3460 3082 auch

666 3256 1051 3316 ſonſt
1162 3256 1210 3316 –
1435 3256 1775 3316 hätte
1956 3252 2112 3312 ich
2271 3250 2814 3310 gern,
2928 3250 3221 3310 daß

684 3476 836 3536 der
1028 3472 1316 3532 alte
1661 3467 2350 3527 Wering
2524 3455 3213 3515 etwas

662 3680 1053 3740 mehr
1195 3678 1356 3738 her
1853 3663 2797 3723 hervorträte
3082 3654 3347 3714 als

642 3902 986 3962 blos
1160 3904 1455 3964 mit
1663 3892 1817 3952 ein
2044 3878 2596 3938 wenig
2837 3889 3374 3949 Profil

601 4116 737 4176 Ich
828 4128 1172 4188 hätte
1425 4122 1610 4182 ihn
1792 4102 2366 4162 etwas
2617 4094 3327 4154 ausführl
3471 4216 3588 4276 Her

623 4340 1464 4400 gewünſcht
1666 4322 3372 4382 unſonehrallich

1861 4536 2357 4596 Seue
2522 4550 3347 4610 rührender
579 4561 870 4621 eine
1035 4556 1468 4616 kleine

664 4768 1471 4828 Vaterliebe
1776 4768 2438 4828 zwiſchen
2636 4768 2851 4828 ihm
3138 4768 3513 4828 und

685 5000 896 5060 dem
1126 5020 1643 5080 Mädel
1910 5009 2256 5069 hätte
2446 4998 2697 5058 das
2887 5003 3270 5063 Ende
