3884 5745
2064 659 2517 719 Pabs,
2592 674 2818 734 242.
2868 683 3498 743 Auguſt¬

1128 1592 1428 1652 Mein
1563 1611 1877 1671 lieber
2124 1626 2739 1686 Freund,

628 1968 1235 2028 Aeſophern
1367 2005 1564 2065 mir
1745 2020 2466 2080 jedienſalls,
2550 2025 2632 2085 os
2762 2034 3173 2094 wann

631 2173 729 2233 Du
928 2191 1006 2251 in
1264 2210 1877 2270 Tgeriſen
2134 2210 2689 2270 entäiffſt
2848 2204 3027 2264 u.
3086 2203 3204 2263 ob

590 2384 697 2444 ich
804 2399 957 2459 Dir
1129 2411 1325 2471 hier
1692 2416 2772 2476 Nachtguartier
2968 2450 3507 2510 beſtellen

611 2596 966 2656 ſoll?
1174 2605 1301 2665 Ich
1425 2614 1780 2674 nöchte
1907 2626 2073 2686 Dir
2304 2638 2535 2698 ſchon
2701 2650 3014 2710 gern

636 2854 1900 2914 Uitgegenkommen
2149 2862 2398 2922 u:
2495 2860 2571 2920 es
2687 2858 2917 2918 lag
3049 2856 3298 2916 auch

640 3076 869 3136 ohne
1030 3074 1384 3134 Deine
1596 3077 2447 3137 Anregung
2553 3078 2623 3138 in
2890 3071 3455 3131 meimer

616 3306 1148 3366 Abſicht.
1299 3310 1578 3370 Nun
1768 3307 2026 3367 habe
2153 3303 2303 3363 ich
2411 3299 2688 3359 aber
2881 3294 3158 3354 ſiut

634 3519 1094 3579 einigun
1415 3532 1822 3592 Tagen
1965 3526 2159 3586 als
2390 3522 2782 3582 Solge
2940 3532 3101 3592 der

639 3738 875 3798 Kir
1015 3757 1321 3817 einen
1557 3766 1627 3826 ſo
1770 3773 2525 3833 ſchreicklichen
2737 3805 3489 3865 Magen¬

602 3957 1281 4017 BKatarif,
1396 3972 1578 4032 daß
1713 3978 1895 4038 ich
1985 3985 2395 4045 kaum
2644 4011 3211 4071 kriechen

622 4159 1050 4219 kann.
1180 4182 1851 4242 Außerdem
2112 4215 2334 4275 habe
2466 4228 2577 4288 ich
2707 4236 2802 4296 in
3024 4245 3156 4305 Te¬
3099 4266 3216 4326 ich
3229 4298 3414 4358 Wve
3462 4378 3590 4438 ein

569 4397 1500 4457 Vecwandte,
1684 4436 1766 4496 ſo
1948 4456 2166 4516 daß
2348 4475 2631 4535 mir
2898 4481 3080 4541 ein

631 4659 1136 4719 anderer
1483 4715 3031 4775 Nundezvons-Orl

661 4923 1058 4983 leber
1236 4945 1887 5005 wäre,
1958 4964 2248 5024 Wie
2431 4991 2970 5051 würe
3082 5019 3224 5079 es

665 5202 979 5262 Denn
1134 5206 1448 5266 mit
1674 5226 2823 5286 Schliersee)
2937 5299 3415 5359 Dorch,
