3875 5750
1023 682 1392 742 deine
1494 688 1822 748 »Frau
2049 698 2584 758 Mutter
2790 720 3387 780 derſte,

667 970 905 1030 mit
1026 968 1232 1028 Dir
1412 951 1860 1011 ſein.
2128 938 2517 998 Bitte
2638 990 3413 1050 empfiehl

665 1217 965 1277 mich
1073 1217 1239 1277 ihr
1401 1213 1786 1273 recht
2002 1231 3124 1291 angelegent

1405 1538 1858 1598 Meine
2045 1566 2580 1626 Mutter
2712 1598 2925 1658 iſt
3007 1629 3326 1689 heit

659 1842 1053 1902 zwei
1263 1832 2121 1892 Manaten
2259 1835 2374 1895 zu
2676 1857 3233 1917 Beſuch

613 2108 794 2168 bei
1000 2098 1250 2158 mir
1434 2096 1891 2156 und.
1981 2105 2277 2165 Wir
2573 2142 3397 2202 ſprechen.

657 2377 877 2437 oft
1000 2374 1241 2434 von
1464 2378 1948 2438 Dir,
2031 2384 2251 2444 und
2374 2389 2555 2449 ſie
2778 2396 3282 2456 dankt

666 2610 860 2670 Dir
1106 2615 1275 2675 die
1545 2642 2792 2702 Freundſchaft,
2889 2646 3059 2706 die

771 2884 884 2944 Du
1107 2880 1355 2940 mir
1622 2886 2294 2946 begeigſt
2542 2883 2989 2943 nicht

582 3182 1210 3242 winder,
1253 3175 1557 3235 wie
1817 3170 1990 3230 ich
2100 3171 2640 3231 ſelbſt:
2923 3193 3204 3253 Sie

671 3489 849 3549 iſt
983 3477 1691 3537 krank,
1782 3467 1959 3527 die
2159 3467 2802 3527 Ärmſte

681 3755 1032 3815 (ohne
1175 3762 1294 3822 es
1410 3760 1505 3820 zu
1741 3750 2211 3810 ahnen
2400 3751 3367 3811 (Biabetes

687 4019 983 4079 Jopt
1075 4044 1433 4104 erſt,
1491 4046 1579 4106 wo
1908 4042 2087 4102 ich
2237 4040 2741 4100 denken
2950 4077 3337 4137 muß

669 4335 874 4395 ſie
1043 4323 1117 4383 zu
1359 4331 2276 4391 veilieren,
2426 4354 2723 4414 ſehe
2910 4357 2947 4417 –

670 4651 1035 4711 was
1206 4637 1400 4697 ſie
1571 4629 1860 4689 mir
2168 4622 2475 4682 iſt.
2726 4618 2974 4678 Die

739 4916 1413 4976 Einzige
1602 4911 1871 4971 auf
2008 4904 2140 4964 der
2330 4902 2897 4962 Welt,
3030 4926 3246 4986 die

888 5199 1066 5259 ich
1180 5202 1785 5262 nochhter
1921 5191 2235 5251 mit
2324 5190 2505 5250 den
2682 5205 3110 5265 alten
