3948 5816
475 811 1343 871 anſcheinend
1589 800 1922 860 nicht
2121 807 2611 867 rühiger
2923 819 3279 879 noch

556 1046 1628 1106 zufriedener.
1687 1028 1844 1088 Ich
1980 1021 2389 1081 werde
2546 1016 2740 1076 von
2917 1016 3072 1076 der

503 1276 978 1336 Angſt
1205 1249 1969 1309 gegnält,
2030 1230 2216 1290 daß
2400 1222 2525 1282 ich
2773 1226 3330 1286 werde

566 1486 1328 1546 ſterben,
1422 1470 2184 1530 müſſen,
2255 1460 2637 1520 ohne
2755 1458 2828 1518 je
3019 1463 3520 1523 gelebt

564 1687 621 1747 zu
831 1677 1507 1737 haben,
1583 1667 1602 1727 –
1755 1658 2063 1718 und
2313 1648 2697 1708 Du,
2774 1647 2872 1707 Du
3063 1653 3447 1713 lebſt

494 1886 749 1946 und
903 1884 1397 1944 leideſt
1618 1870 2505 1930 darunter,
2555 1860 2760 1920 daß
3015 1854 3118 1914 Du

448 2098 661 2158 Dich
833 2096 1110 2156 nicht
1304 2091 1583 2151 deben
1862 2084 2459 2144 fühlſt.
2523 2082 2823 2142 Was
2908 2084 3230 2144 ſind

503 2343 708 2403 das
798 2328 1026 2388 für
1273 2308 1956 2368 Räthſel?
2158 2297 2546 2357 Deine
2749 2288 3111 2348 und

514 2548 937 2608 meine
1166 2527 1459 2587 und
1704 2519 1721 2579 d
1933 2512 3172 2572 wahrſcheinlich

484 2742 732 2802 aller
1041 2733 1677 2793 Menſchen
1966 2726 3389 2786 Lebenshätigkei.

475 2952 1018 3012 kommt
1247 2942 1509 3002 auf
1651 2940 1967 3000 dieſe
2211 2944 2632 3004 Weiſe
2843 2950 3404 3010 darauf

506 3180 1245 3240 hieaus)
1401 3161 1601 3221 daß
1937 3148 2229 3208 wir
2609 3148 2967 3208 jeder

2288 3349 2757 3409 unſer
424 3426 478 3486 in
764 3395 1244 3455 ſeiner
1559 3368 1845 3428 Art

445 3612 723 3672 Leben
986 3600 1724 3660 vertrödeln
2052 3581 2313 3641 und
2511 3586 3592 3646 verlieren.

529 3803 804 3863 Was
993 3802 1166 3862 Dich
1373 3809 2113 3869 anlangt,
2164 3812 2217 3872 ſo
2458 3809 2957 3869 meine
3130 3795 3232 3855 ich

502 4036 593 4096 Du
755 4044 1329 4104 grübelſt
1560 4042 2322 4102 zuviel.
2413 4038 2529 4098 Du
2783 4038 3127 4098 haſt

524 4260 1047 4320 zuviel
1296 4254 1695 4314 Raun
2007 4250 2181 4310 vor
2530 4246 3042 4306 Deinen

1639 4473 1666 4533 X
2016 4457 2127 4517 Du
2397 4450 3128 4510 ſollteſt
543 4470 1244 4530 Bliten?

1614 4688 2132 4748 Ghrenzen
2419 4674 2706 4734 auf
2793 4680 3423 4740 ſtellen.
441 4678 619 4738 Dir
889 4696 1269 4756 ſelbſt

506 4894 664 4954 Die
783 4896 1320 4956 Löhung
1458 4896 1695 4956 aller
2033 4894 2351 4954 dieſer
2528 4895 3303 4955 Probleme
