3974 5838
465 1005 531 1065 er
734 996 936 1056 ſich
1069 996 1205 1056 der
1474 1009 2056 1069 Berliner
2280 1033 2527 1093 Pol

610 1238 1117 1298 Spitzel
1349 1236 2156 1296 angeboten
2597 1259 2780 1319 hat

663 1460 1110 1520 He.
1177 1460 1312 1520 Ich
1447 1462 1671 1522 habe
1825 1466 1961 1526 ihm
2273 1473 2855 1533 geſagt

463 1686 747 1746 er,
808 1686 865 1746 da
1035 1685 1124 1745 er
1497 1680 1813 1740 mit
1983 1680 2385 1740 einer
2587 1725 3532 1785 Empfehlung

479 1913 703 1973 von
907 1900 1097 1960 Dir
1373 1898 1528 1958 bei
1767 1905 2059 1965 mir
2335 1930 3282 1990 erſchienen

699 2122 741 2182 4
1106 2142 1176 2202 Vo
1597 2139 1652 2199 vo
2073 2126 2129 2186 in
2536 2127 3126 2187 meinen

509 2366 949 2426 Augen
1273 2348 1460 2408 von
1762 2328 2620 2388 Meiherem
2968 2373 3594 2433 gegen.

511 2558 729 2618 alle
930 2566 1769 2626 Zeitungen
2049 2558 2448 2618 Recht
2688 2561 3087 2621 hat.
3147 2573 3387 2633 Aber

454 2779 537 2839 er
816 2784 1041 2844 hat
1265 2781 1517 2841 ſich
1796 2776 2103 2836 mits
2355 2784 3334 2844 ungeſchickt

615 3010 2057 3070 gerechtfertigt;
2168 2987 2431 3047 das
2671 2989 3128 3049 kann

611 3243 1169 3303 freilich
1344 3204 1658 3264 auch
1833 3209 3090 3269 Befangenheit
3159 3256 3403 3316 ſen

479 3463 527 3523 in
1112 3459 1552 3519 darum
1927 3442 2448 3502 möchte
2643 3444 2791 3504 ich
2968 3458 3311 3518 gern

486 3692 555 3752 in
763 3680 1158 3740 zwei
1435 3670 1944 3730 Worten
2292 3684 2964 3744 hören,
3033 3718 3427 3778 wie

433 3920 539 3980 Du
732 3914 1047 3974 über
1381 3901 1503 3961 den
1854 3888 2169 3948 Fall
2434 3882 3169 3942 denkſt?

931 4154 1115 4214 Iſt
1196 4154 1297 4214 es
1420 4148 1969 4208 wahr,
2029 4137 2213 4197 daß
2435 4129 2578 4189 die
2782 4124 3004 4184 »All
3066 4200 3548 4260 geinene

501 4383 1223 4443 Zeitung«
1356 4372 1412 4432 in
1698 4370 2210 4430 andere
2439 4376 3065 4436 Hände

464 4609 1198 4669 übergeht?
1408 4580 1748 4640 Was
1932 4571 2300 4631 wird
2456 4573 2718 4633 aus
2876 4594 3477 4654 Saller?

875 4787 1021 4847 Sei
1170 4817 1814 4877 nochmals
2017 4824 2166 4884 von
2294 4830 2773 4890 ganzem
3068 4874 3438 4934 Herzen

511 5023 1010 5083 bedankt
1178 5024 1346 5084 für
1511 5020 1845 5080 Deine
1993 5020 2388 5080 treue
2515 5050 3433 5110 Antheilnahmi

457 5205 533 5265 an
689 5209 804 5269 den
1016 5214 1382 5274 letzten
1672 5220 2715 5280 Vorgängen.
2794 5268 3430 5328 Tauſend

452 5429 1002 5489 herzliche
1176 5428 1827 5488 Grüße!
2069 5445 2344 5505 Dein
2585 5474 2894 5534 Paul
2961 5514 3550 5574 Goldman

272 882 369 4818 Grüße Richard und Leo! Und schreib’ mir recht bald!
496 505 3335 714 Die Kritiken ſende ich Dir demnächſt
2539 385 3015 453 zurück
