3966 5823
2116 1058 2601 1118 Paris,
2655 1056 2834 1116 14.
2870 1058 3445 1118 October.

962 1499 1245 1559 Mein
1547 1481 1849 1541 lieber
2074 1476 2546 1536 Freue¬

747 1930 1140 1990 Warum
1403 1942 1601 2002 höre
1775 1942 1908 2002 ich
2081 1940 2125 2000 ſo
2323 1938 2478 1998 gar
2716 1934 3023 1994 nichts
3177 1933 3462 1993 mehr

703 2157 855 2217 von
1077 2159 1485 2219 Dir?
1724 2149 2081 2209 Deine
2267 2142 2608 2202 dieben
2847 2143 3510 2203 Nachrichten

744 2387 1050 2447 fehlen
1269 2381 1467 2441 mir
1704 2378 2138 2438 ſehr.
2193 2378 2465 2438 Eine
2684 2380 2738 2440 ſo
2936 2384 3317 2444 lange

766 2614 1156 2674 kauſe
1418 2609 1636 2669 haſt
1811 2601 1897 2661 Du
2161 2590 2397 2650 noch
2551 2583 2726 2643 nie
2901 2588 3595 2648 gemacht.

804 2804 927 2864 Ich
1093 2804 1256 2864 bin
1463 2806 1525 2866 in
1750 2808 2490 2868 Sorgen.
2575 2804 2820 2864 Biſt
2945 2799 3027 2859 in

768 3032 1591 3092 unwohl?
1825 3025 2076 3085 Oder
2278 3017 2429 3077 iſt
2579 3013 2731 3073 Dir
3050 3017 3401 3077 ſonſt

755 3246 1153 3306 etwas
1437 3232 2555 3292 Verſtimmendes
2727 3269 3654 3329 zugeſtoßen?

814 3470 918 3530 Du
1149 3460 1631 3520 mußt
1738 3458 1945 3518 mir
2176 3464 2513 3524 gleich
2638 3480 3392 3540 ſchreiben.

1369 3681 1709 3741 Anbei
1897 3689 2162 3749 eine
2275 3696 3349 3756 Beſcheinigunng

781 3902 993 3962 von
1228 3898 1793 3958 Tharel,
1871 3898 2008 3958 dem
2240 3896 2378 3956 ich
2613 3896 2651 3956 n
2864 3892 3079 3952 300
3275 3884 3488 3944 Fr.

841 4122 2177 4182 ausgefändigt.
2244 4121 2586 4181 Dieſe
2720 4120 3468 4180 Beſcheim¬

824 4352 1243 4412 gung
1417 4354 1638 4414 habe
1763 4351 1884 4411 ich
2009 4346 2206 4406 mir
2501 4336 3217 4396 ausſtelten

857 4589 1509 4649 laſſen,
1593 4588 1646 4648 um
2001 4569 2737 4629 gegenüber
2900 4548 3038 4608 der

851 4782 1303 4842 Societe
1487 4784 1685 4844 des
1897 4780 2335 4840 Auteur
2605 4778 3439 4838 Dramatiqug

989 4986 1343 5046 durch
1462 4996 1863 5056 welche
2051 4991 2286 5051 hier
2690 4965 2948 5025 das

863 5212 1961 5272 Pantemen¬
2579 5200 2947 5260 chäft
3105 5216 3423 5276 geht
