<?xml version="1.0" encoding="UTF-8" standalone="yes"?>
<PcGts xmlns="http://schema.primaresearch.org/PAGE/gts/pagecontent/2013-07-15" xmlns:xsi="http://www.w3.org/2001/XMLSchema-instance" xsi:schemaLocation="http://schema.primaresearch.org/PAGE/gts/pagecontent/2013-07-15 http://schema.primaresearch.org/PAGE/gts/pagecontent/2013-07-15/pagecontent.xsd">
    <Metadata>
        <Creator>prov=READ-COOP:name=PyLaia@TranskribusPlatform:version=0.7.8:model_id=45551:lm=none:date=02_11_2022_08:46
prov=READ-COOP:name=PyLaia@Transkribus:version=0.7.8:model_id=45551:date=02_11_2022_08:46
prov=University of Rostock/Institute of Mathematics/CITlab|PLANET AI GmbH/Tobias Gruening/tobias.gruening@planet-ai.de:name=de.uros.citlab.module.baseline2polygon.B2PSeamMultiOriented:v=2.6.7</Creator>
        <Created>2022-03-31T12:07:49.273+02:00</Created>
        <LastChange>2022-11-29T17:15:23.844+01:00</LastChange>
        <TranskribusMetadata docId="958780" pageId="37204010" pageNr="16" tsid="105333295" status="IN_PROGRESS" userId="64420" imgUrl="https://files.transkribus.eu/Get?id=JAOCQCZGYOOFHXZZYHRQSRYY&amp;fileType=view" xmlUrl="https://files.transkribus.eu/Get?id=DWJXWJGANNFEDBBOUMGHVLVF" imageId="30004182"/>
    </Metadata>
    <Page imageFilename="DLA_68_00019 HS.NZ85.1.3168_0011-0.jpg" imageWidth="3967" imageHeight="5840">
        <ReadingOrder>
            <OrderedGroup id="ro_1670323167394" caption="Regions reading order">
                <RegionRefIndexed index="0" regionRef="r1"/>
            </OrderedGroup>
        </ReadingOrder>
        <TextRegion orientation="0.0" id="r1" custom="readingOrder {index:0;}">
            <Coords points="408,780 408,5125 3532,5125 3532,780"/>
            <TextLine id="r1l1" custom="readingOrder {index:0;} work {offset:13; length:12;} latintype {offset:19; length:6;}">
                <Coords points="387,941 3551,947 3552,803 3013,748 2860,844 2623,678 2237,655 1728,839 901,675 388,757"/>
                <Baseline points="408,874 564,878 720,880 876,882 1032,884 1189,884 1345,886 1501,886 1657,886 1813,886 1970,886 2126,886 2282,886 2438,886 2594,888 2751,890 2907,894 3063,898 3219,902 3375,908 3532,916"/>
                <Word id="r1l1_w1" custom="readingOrder {index:0;}">
                    <Coords points="401,837 401,897 671,897 671,837"/>
                    <TextEquiv>
                        <Unicode>as</Unicode>
                    </TextEquiv>
                </Word>
                <Word id="r1l1_w2" custom="readingOrder {index:1;}">
                    <Coords points="756,841 756,901 991,901 991,841"/>
                    <TextEquiv>
                        <Unicode>aus</Unicode>
                    </TextEquiv>
                </Word>
                <Word id="r1l1_w3" custom="readingOrder {index:2;}">
                    <Coords points="1064,844 1064,904 1298,904 1298,844"/>
                    <TextEquiv>
                        <Unicode>dem</Unicode>
                    </TextEquiv>
                </Word>
                <Word id="r1l1_w4" custom="readingOrder {index:3;}">
                    <Coords points="1396,846 1396,906 2012,906 2012,846"/>
                    <TextEquiv>
                        <Unicode>»neuen</Unicode>
                    </TextEquiv>
                </Word>
                <Word id="r1l1_w5" custom="readingOrder {index:4;}">
                    <Coords points="2098,846 2098,906 2638,906 2638,846"/>
                    <TextEquiv>
                        <Unicode>Ghetto</Unicode>
                    </TextEquiv>
                </Word>
                <Word id="r1l1_w6" custom="readingOrder {index:5;}">
                    <Coords points="2860,861 2860,921 3511,921 3511,861"/>
                    <TextEquiv>
                        <Unicode>lernen.</Unicode>
                    </TextEquiv>
                </Word>
                <TextEquiv>
                    <Unicode>das aus dem »neuen Ghetto« lernen.</Unicode>
                </TextEquiv>
            </TextLine>
            <TextLine id="r1l2" custom="readingOrder {index:1;} structure {type:paragraph;}">
                <Coords points="945,1385 1165,1275 1277,1362 2915,1323 2917,1159 2686,1176 2566,1107 1850,1218 1340,1101 948,1151"/>
                <Baseline points="964,1298 1060,1300 1157,1300 1253,1300 1350,1302 1446,1302 1543,1304 1639,1304 1736,1306 1832,1306 1929,1308 2025,1310 2122,1310 2218,1312 2315,1314 2411,1316 2508,1318 2604,1320 2701,1322 2797,1325 2894,1328"/>
                <Word id="r1l2_w1" custom="readingOrder {index:0;}">
                    <Coords points="957,1260 957,1320 1438,1320 1438,1260"/>
                    <TextEquiv>
                        <Unicode>Ged«,</Unicode>
                    </TextEquiv>
                </Word>
                <Word id="r1l2_w2" custom="readingOrder {index:1;}">
                    <Coords points="1483,1266 1483,1326 2120,1326 2120,1266"/>
                    <TextEquiv>
                        <Unicode>kümmere</Unicode>
                    </TextEquiv>
                </Word>
                <Word id="r1l2_w3" custom="readingOrder {index:2;}">
                    <Coords points="2232,1274 2232,1334 2445,1334 2445,1274"/>
                    <TextEquiv>
                        <Unicode>Dich</Unicode>
                    </TextEquiv>
                </Word>
                <Word id="r1l2_w4" custom="readingOrder {index:3;}">
                    <Coords points="2545,1281 2545,1341 2836,1341 2836,1281"/>
                    <TextEquiv>
                        <Unicode>nicht</Unicode>
                    </TextEquiv>
                </Word>
                <TextEquiv>
                    <Unicode>Geh’, kümmere Dich nicht</Unicode>
                </TextEquiv>
            </TextLine>
            <TextLine id="r1l3" custom="readingOrder {index:2;} person {offset:19; length:10;}">
                <Coords points="429,1611 1307,1541 1523,1665 1764,1535 2062,1597 2171,1522 2351,1650 3175,1662 3174,1443 2717,1316 2459,1407 2322,1310 2006,1484 1795,1395 428,1443"/>
                <Baseline points="448,1566 583,1560 718,1554 854,1550 989,1548 1125,1546 1260,1544 1395,1544 1531,1544 1666,1546 1802,1546 1937,1547 2072,1548 2208,1548 2343,1550 2479,1548 2614,1548 2749,1546 2885,1544 3020,1540 3156,1534"/>
                <Word id="r1l3_w1" custom="readingOrder {index:0;}">
                    <Coords points="448,1519 448,1579 736,1579 736,1519"/>
                    <TextEquiv>
                        <Unicode>ein</Unicode>
                    </TextEquiv>
                </Word>
                <Word id="r1l3_w2" custom="readingOrder {index:1;}">
                    <Coords points="813,1508 813,1568 1116,1568 1116,1508"/>
                    <TextEquiv>
                        <Unicode>das,</Unicode>
                    </TextEquiv>
                </Word>
                <Word id="r1l3_w3" custom="readingOrder {index:2;}">
                    <Coords points="1146,1504 1146,1564 1421,1564 1421,1504"/>
                    <TextEquiv>
                        <Unicode>was</Unicode>
                    </TextEquiv>
                </Word>
                <Word id="r1l3_w4" custom="readingOrder {index:3;}">
                    <Coords points="1618,1505 1618,1565 1709,1565 1709,1505"/>
                    <TextEquiv>
                        <Unicode>ſo</Unicode>
                    </TextEquiv>
                </Word>
                <Word id="r1l3_w5" custom="readingOrder {index:4;}">
                    <Coords points="1831,1506 1831,1566 2014,1566 2014,1506"/>
                    <TextEquiv>
                        <Unicode>ein</Unicode>
                    </TextEquiv>
                </Word>
                <Word id="r1l3_w6" custom="readingOrder {index:5;}">
                    <Coords points="2226,1508 2226,1568 2970,1568 2970,1508"/>
                    <TextEquiv>
                        <Unicode>Schafskopf</Unicode>
                    </TextEquiv>
                </Word>
                <TextEquiv>
                    <Unicode>um das, was ſo ein Schafskopf</Unicode>
                </TextEquiv>
            </TextLine>
            <TextLine id="r1l4" custom="readingOrder {index:3;}">
                <Coords points="429,1915 946,1754 1316,1913 1696,1734 2466,1745 2707,1902 2869,1766 3080,1794 3047,1654 1543,1694 1312,1620 1110,1709 822,1565 426,1685"/>
                <Baseline points="448,1802 578,1798 709,1792 839,1787 970,1782 1101,1776 1231,1772 1362,1768 1492,1764 1623,1761 1754,1758 1884,1756 2015,1754 2145,1752 2276,1752 2407,1752 2537,1754 2668,1756 2798,1759 2929,1762 3060,1768"/>
                <Word id="r1l4_w1" custom="readingOrder {index:0;}">
                    <Coords points="442,1753 442,1813 921,1813 921,1753"/>
                    <TextEquiv>
                        <Unicode>ſchreibt</Unicode>
                    </TextEquiv>
                </Word>
                <Word id="r1l4_w2" custom="readingOrder {index:1;}">
                    <Coords points="1053,1734 1053,1794 1266,1794 1266,1734"/>
                    <TextEquiv>
                        <Unicode>und</Unicode>
                    </TextEquiv>
                </Word>
                <Word id="r1l4_w3" custom="readingOrder {index:2;}">
                    <Coords points="1426,1722 1426,1782 1692,1782 1692,1722"/>
                    <TextEquiv>
                        <Unicode>geh’</Unicode>
                    </TextEquiv>
                </Word>
                <Word id="r1l4_w4" custom="readingOrder {index:3;}">
                    <Coords points="1811,1715 1811,1775 1958,1775 1958,1715"/>
                    <TextEquiv>
                        <Unicode>Du</Unicode>
                    </TextEquiv>
                </Word>
                <Word id="r1l4_w5" custom="readingOrder {index:4;}">
                    <Coords points="2103,1712 2103,1772 2317,1772 2317,1712"/>
                    <TextEquiv>
                        <Unicode>mir</Unicode>
                    </TextEquiv>
                </Word>
                <Word id="r1l4_w6" custom="readingOrder {index:5;}">
                    <Coords points="2611,1718 2611,1778 2982,1778 2982,1718"/>
                    <TextEquiv>
                        <Unicode>ruhig</Unicode>
                    </TextEquiv>
                </Word>
                <TextEquiv>
                    <Unicode>ſchreibt, und geh’ Du nur ruhig</Unicode>
                </TextEquiv>
            </TextLine>
            <TextLine id="r1l5" custom="readingOrder {index:4;}">
                <Coords points="431,1989 1958,2054 2087,1968 2352,2101 2923,1981 2978,1762 2739,1910 2443,1808 2208,1917 1904,1889 1767,1803 1544,1901 822,1833 431,1915"/>
                <Baseline points="452,1980 577,1974 702,1968 828,1964 953,1962 1079,1960 1204,1958 1329,1956 1455,1956 1580,1958 1706,1958 1831,1960 1956,1960 2082,1962 2207,1964 2333,1966 2458,1968 2583,1970 2709,1970 2834,1972 2960,1972"/>
                <Word id="r1l5_w1" custom="readingOrder {index:0;}">
                    <Coords points="444,1929 444,1989 912,1989 912,1929"/>
                    <TextEquiv>
                        <Unicode>weiter</Unicode>
                    </TextEquiv>
                </Word>
                <Word id="r1l5_w2" custom="readingOrder {index:1;}">
                    <Coords points="1080,1916 1080,1976 1595,1976 1595,1916"/>
                    <TextEquiv>
                        <Unicode>Deinen</Unicode>
                    </TextEquiv>
                </Word>
                <Word id="r1l5_w3" custom="readingOrder {index:2;}">
                    <Coords points="1691,1920 1691,1980 2135,1980 2135,1920"/>
                    <TextEquiv>
                        <Unicode>Weg.</Unicode>
                    </TextEquiv>
                </Word>
                <Word id="r1l5_w4" custom="readingOrder {index:3;}">
                    <Coords points="2339,1927 2339,1987 2495,1987 2495,1927"/>
                    <TextEquiv>
                        <Unicode>Ich</Unicode>
                    </TextEquiv>
                </Word>
                <Word id="r1l5_w5" custom="readingOrder {index:4;}">
                    <Coords points="2627,1930 2627,1990 2891,1990 2891,1930"/>
                    <TextEquiv>
                        <Unicode>ſehe</Unicode>
                    </TextEquiv>
                </Word>
                <TextEquiv>
                    <Unicode>weiter Deinen Weg. Ich ſehe</Unicode>
                </TextEquiv>
            </TextLine>
            <TextLine id="line_1669738422745_691" custom="readingOrder {index:5;}">
                <Coords points="410,2099 726,2029 2723,1982 3189,2016 3193,2223 3034,2304 2956,2305 2280,2286 409,2224"/>
                <Baseline points="430,2184 534,2178 638,2176 743,2174 847,2172 952,2170 1056,2170 1160,2170 1265,2170 1369,2172 1474,2172 1578,2174 1682,2175 1787,2176 1891,2178 1996,2178 2100,2178 2204,2178 2309,2178 2413,2178 2518,2176 2538,2176 2569,2173 2601,2172 2633,2170 2664,2168 2696,2168 2728,2166 2759,2166 2791,2165 2823,2164 2855,2164 2886,2164 2918,2164 2950,2164 2981,2163 3013,2162 3045,2162 3076,2162 3108,2162 3140,2160 3172,2160"/>
                <Word id="r1l6_w1" custom="readingOrder {index:0;}">
                    <Coords points="2519,2129 2519,2189 2760,2189 2760,2129"/>
                    <TextEquiv>
                        <Unicode>90.</Unicode>
                    </TextEquiv>
                </Word>
                <Word id="r1l6_w2" custom="readingOrder {index:1;}">
                    <Coords points="2835,2124 2835,2184 3025,2184 3025,2124"/>
                    <TextEquiv>
                        <Unicode>daß</Unicode>
                    </TextEquiv>
                </Word>
                <Word id="r1l7_w1" custom="readingOrder {index:2;}">
                    <Coords points="417,2137 417,2197 697,2197 697,2137"/>
                    <TextEquiv>
                        <Unicode>aus</Unicode>
                    </TextEquiv>
                </Word>
                <Word id="r1l7_w2" custom="readingOrder {index:3;}">
                    <Coords points="800,2130 800,2190 1258,2190 1258,2130"/>
                    <TextEquiv>
                        <Unicode>Deinem</Unicode>
                    </TextEquiv>
                </Word>
                <Word id="r1l7_w3" custom="readingOrder {index:4;}">
                    <Coords points="1474,2134 1474,2194 1865,2194 1865,2134"/>
                    <TextEquiv>
                        <Unicode>lieben</Unicode>
                    </TextEquiv>
                </Word>
                <Word id="r1l7_w4" custom="readingOrder {index:5;}">
                    <Coords points="2015,2138 2015,2198 2417,2198 2417,2138"/>
                    <TextEquiv>
                        <Unicode>Briefe</Unicode>
                    </TextEquiv>
                </Word>
                <TextEquiv>
                    <Unicode>aus Deinem lieben Briefe, daß</Unicode>
                </TextEquiv>
            </TextLine>
            <TextLine id="r1l8" custom="readingOrder {index:6;} supplied {offset:19; length:1;}">
                <Coords points="467,2469 1721,2390 1960,2490 2389,2416 2557,2485 2760,2378 3174,2391 3173,2250 3021,2326 1766,2237 1369,2338 466,2294"/>
                <Baseline points="486,2394 619,2394 752,2394 886,2394 1019,2394 1153,2394 1286,2394 1419,2394 1553,2392 1686,2392 1820,2392 1953,2390 2086,2390 2220,2388 2353,2387 2487,2386 2620,2383 2753,2381 2887,2378 3020,2376 3154,2372"/>
                <Word id="r1l8_w1" custom="readingOrder {index:0;}">
                    <Coords points="474,2354 474,2414 683,2414 683,2354"/>
                    <TextEquiv>
                        <Unicode>Du</Unicode>
                    </TextEquiv>
                </Word>
                <Word id="r1l8_w2" custom="readingOrder {index:1;}">
                    <Coords points="800,2354 800,2414 1237,2414 1237,2354"/>
                    <TextEquiv>
                        <Unicode>wieder</Unicode>
                    </TextEquiv>
                </Word>
                <Word id="r1l8_w3" custom="readingOrder {index:2;}">
                    <Coords points="1419,2351 1419,2411 2264,2411 2264,2351"/>
                    <TextEquiv>
                        <Unicode>arbeitsduſtig</Unicode>
                    </TextEquiv>
                </Word>
                <Word id="r1l8_w4" custom="readingOrder {index:3;}">
                    <Coords points="2446,2344 2446,2404 2656,2404 2656,2344"/>
                    <TextEquiv>
                        <Unicode>biſt</Unicode>
                    </TextEquiv>
                </Word>
                <Word id="r1l8_w5" custom="readingOrder {index:4;}">
                    <Coords points="2838,2336 2838,2396 3083,2396 3083,2336"/>
                    <TextEquiv>
                        <Unicode>und</Unicode>
                    </TextEquiv>
                </Word>
                <TextEquiv>
                    <Unicode>Du wieder arbeitsdurſtig biſt und</Unicode>
                </TextEquiv>
            </TextLine>
            <TextLine id="r1l9" custom="readingOrder {index:7;} latintype {offset:0; length:4;}">
                <Coords points="510,2628 1287,2689 1768,2605 1947,2707 2447,2596 2780,2740 3150,2630 3150,2544 2931,2458 2717,2553 1486,2430 1221,2529 510,2507"/>
                <Baseline points="528,2612 658,2610 788,2606 918,2602 1048,2600 1179,2598 1309,2596 1439,2592 1569,2592 1699,2590 1830,2589 1960,2588 2090,2588 2220,2590 2350,2590 2480,2592 2611,2595 2741,2598 2871,2602 3001,2606 3132,2612"/>
                <Word id="r1l9_w1" custom="readingOrder {index:0;}">
                    <Coords points="521,2569 521,2629 857,2629 857,2569"/>
                    <TextEquiv>
                        <Unicode>voll</Unicode>
                    </TextEquiv>
                </Word>
                <Word id="r1l9_w2" custom="readingOrder {index:1;}">
                    <Coords points="1020,2558 1020,2618 1260,2618 1260,2558"/>
                    <TextEquiv>
                        <Unicode>von</Unicode>
                    </TextEquiv>
                </Word>
                <Word id="r1l9_w3" custom="readingOrder {index:2;}">
                    <Coords points="1400,2550 1400,2610 1878,2610 1878,2550"/>
                    <TextEquiv>
                        <Unicode>Plänen</Unicode>
                    </TextEquiv>
                </Word>
                <Word id="r1l9_w4" custom="readingOrder {index:3;}">
                    <Coords points="2030,2550 2030,2610 2518,2610 2518,2550"/>
                    <TextEquiv>
                        <Unicode>ſteckſt.</Unicode>
                    </TextEquiv>
                </Word>
                <Word id="r1l9_w5" custom="readingOrder {index:4;}">
                    <Coords points="2713,2561 2713,2621 2986,2621 2986,2561"/>
                    <TextEquiv>
                        <Unicode>Sehr</Unicode>
                    </TextEquiv>
                </Word>
                <TextEquiv>
                    <Unicode>voll von Plänen ſteckſt. Sehr</Unicode>
                </TextEquiv>
            </TextLine>
            <TextLine id="r1l10" custom="readingOrder {index:8;} latintype {offset:23; length:5;} person {offset:23; length:5;}">
                <Coords points="401,2935 1083,2810 1690,2920 1822,2829 3002,2853 3052,2704 399,2709"/>
                <Baseline points="420,2864 550,2852 681,2841 812,2833 942,2828 1073,2824 1204,2822 1334,2822 1465,2822 1596,2824 1727,2826 1857,2828 1988,2830 2119,2832 2249,2834 2380,2834 2511,2832 2641,2830 2772,2826 2903,2819 3034,2810"/>
                <Word id="r1l10_w1" custom="readingOrder {index:0;}">
                    <Coords points="410,2800 410,2860 974,2860 974,2800"/>
                    <TextEquiv>
                        <Unicode>ſchön.</Unicode>
                    </TextEquiv>
                </Word>
                <Word id="r1l10_w2" custom="readingOrder {index:1;}">
                    <Coords points="1159,2782 1159,2842 1312,2842 1312,2782"/>
                    <TextEquiv>
                        <Unicode>Du</Unicode>
                    </TextEquiv>
                </Word>
                <Word id="r1l10_w3" custom="readingOrder {index:2;}">
                    <Coords points="1431,2785 1431,2845 1898,2845 1898,2785"/>
                    <TextEquiv>
                        <Unicode>kannſt</Unicode>
                    </TextEquiv>
                </Word>
                <Word id="r1l10_w4" custom="readingOrder {index:3;}">
                    <Coords points="1996,2793 1996,2853 2387,2853 2387,2793"/>
                    <TextEquiv>
                        <Unicode>Herrn</Unicode>
                    </TextEquiv>
                </Word>
                <Word id="r1l10_w5" custom="readingOrder {index:4;}">
                    <Coords points="2496,2786 2496,2846 3017,2846 3017,2786"/>
                    <TextEquiv>
                        <Unicode>Herzl</Unicode>
                    </TextEquiv>
                </Word>
                <TextEquiv>
                    <Unicode>ſchön! Du kannſt Herrn Herzl</Unicode>
                </TextEquiv>
            </TextLine>
            <TextLine id="r1l11" custom="readingOrder {index:9;}">
                <Coords points="389,3112 542,3193 736,3040 968,3168 1361,3025 1959,3116 3037,3037 3253,3153 3385,3121 3384,2860 2450,2829 1869,2984 1224,2858 1033,2972 587,2861 388,2928"/>
                <Baseline points="408,3056 555,3050 703,3046 851,3042 999,3040 1147,3038 1295,3038 1443,3038 1591,3038 1739,3038 1887,3038 2034,3040 2182,3040 2330,3040 2478,3040 2626,3040 2774,3038 2922,3037 3070,3034 3218,3030 3366,3024"/>
                <Word id="r1l11_w1" custom="readingOrder {index:0;}">
                    <Coords points="406,3009 406,3069 761,3069 761,3009"/>
                    <TextEquiv>
                        <Unicode>durch</Unicode>
                    </TextEquiv>
                </Word>
                <Word id="r1l11_w2" custom="readingOrder {index:1;}">
                    <Coords points="946,2998 946,3058 1231,3058 1231,2998"/>
                    <TextEquiv>
                        <Unicode>nichts</Unicode>
                    </TextEquiv>
                </Word>
                <Word id="r1l11_w3" custom="readingOrder {index:2;}">
                    <Coords points="1430,2998 1430,3058 1785,3058 1785,2998"/>
                    <TextEquiv>
                        <Unicode>einen</Unicode>
                    </TextEquiv>
                </Word>
                <Word id="r1l11_w4" custom="readingOrder {index:3;}">
                    <Coords points="1943,3000 1943,3060 2568,3060 2568,3000"/>
                    <TextEquiv>
                        <Unicode>größeren</Unicode>
                    </TextEquiv>
                </Word>
                <Word id="r1l11_w5" custom="readingOrder {index:4;}">
                    <Coords points="2669,2996 2669,3056 3251,3056 3251,2996"/>
                    <TextEquiv>
                        <Unicode>Schmerz</Unicode>
                    </TextEquiv>
                </Word>
                <TextEquiv>
                    <Unicode>durch nichts einen größeren Schmerz</Unicode>
                </TextEquiv>
            </TextLine>
            <TextLine id="r1l12" custom="readingOrder {index:10;}">
                <Coords points="525,3335 873,3366 1193,3238 2385,3328 3255,3276 3254,3171 2157,3174 2019,3085 1048,3193 742,3090 524,3190"/>
                <Baseline points="544,3292 678,3282 813,3275 947,3269 1082,3264 1217,3260 1351,3256 1486,3253 1620,3250 1755,3250 1890,3248 2024,3248 2159,3248 2293,3248 2428,3250 2563,3250 2697,3251 2832,3252 2966,3254 3101,3254 3236,3254"/>
                <Word id="r1l12_w1" custom="readingOrder {index:0;}">
                    <Coords points="535,3232 535,3292 1215,3292 1215,3232"/>
                    <TextEquiv>
                        <Unicode>zufigen,</Unicode>
                    </TextEquiv>
                </Word>
                <Word id="r1l12_w2" custom="readingOrder {index:1;}">
                    <Coords points="1291,3215 1291,3275 1445,3275 1445,3215"/>
                    <TextEquiv>
                        <Unicode>als</Unicode>
                    </TextEquiv>
                </Word>
                <Word id="r1l12_w3" custom="readingOrder {index:2;}">
                    <Coords points="1608,3208 1608,3268 2146,3268 2146,3208"/>
                    <TextEquiv>
                        <Unicode>daauch,</Unicode>
                    </TextEquiv>
                </Word>
                <Word id="r1l12_w4" custom="readingOrder {index:3;}">
                    <Coords points="2212,3208 2212,3268 2442,3268 2442,3208"/>
                    <TextEquiv>
                        <Unicode>daß</Unicode>
                    </TextEquiv>
                </Word>
                <Word id="r1l12_w5" custom="readingOrder {index:4;}">
                    <Coords points="2683,3211 2683,3271 2815,3271 2815,3211"/>
                    <TextEquiv>
                        <Unicode>Du</Unicode>
                    </TextEquiv>
                </Word>
                <Word id="r1l12_w6" custom="readingOrder {index:5;}">
                    <Coords points="2957,3214 2957,3274 3154,3274 3154,3214"/>
                    <TextEquiv>
                        <Unicode>ein</Unicode>
                    </TextEquiv>
                </Word>
                <TextEquiv>
                    <Unicode>zufügen, als dadurch, daß Du ein</Unicode>
                </TextEquiv>
            </TextLine>
            <TextLine id="r1l13" custom="readingOrder {index:11;}">
                <Coords points="512,3495 1102,3560 1540,3473 2118,3597 2485,3490 2661,3583 3040,3512 2981,3329 1910,3273 1430,3399 1227,3411 1066,3302 829,3432 512,3401"/>
                <Baseline points="532,3486 656,3483 781,3481 905,3480 1030,3478 1154,3476 1279,3474 1403,3474 1528,3474 1652,3472 1777,3472 1901,3472 2026,3472 2150,3474 2275,3474 2399,3474 2524,3474 2648,3476 2773,3476 2897,3477 3022,3478"/>
                <Word id="r1l13_w1" custom="readingOrder {index:0;}">
                    <Coords points="527,3441 527,3501 970,3501 970,3441"/>
                    <TextEquiv>
                        <Unicode>neues</Unicode>
                    </TextEquiv>
                </Word>
                <Word id="r1l13_w2" custom="readingOrder {index:1;}">
                    <Coords points="1109,3434 1109,3494 1439,3494 1439,3434"/>
                    <TextEquiv>
                        <Unicode>getes</Unicode>
                    </TextEquiv>
                </Word>
                <Word id="r1l13_w3" custom="readingOrder {index:2;}">
                    <Coords points="1667,3432 1667,3492 1959,3492 1959,3432"/>
                    <TextEquiv>
                        <Unicode>Stück</Unicode>
                    </TextEquiv>
                </Word>
                <Word id="r1l13_w4" custom="readingOrder {index:3;}">
                    <Coords points="2186,3434 2186,3494 2960,3494 2960,3434"/>
                    <TextEquiv>
                        <Unicode>ſchreibſt.</Unicode>
                    </TextEquiv>
                </Word>
                <TextEquiv>
                    <Unicode>neues gutes Stück ſchreibſt.</Unicode>
                </TextEquiv>
            </TextLine>
            <TextLine id="r1l14" custom="readingOrder {index:12;}">
                <Coords points="473,3811 2452,3683 2669,3790 3050,3688 3049,3610 2814,3531 2581,3627 2350,3567 1694,3649 1143,3573 874,3635 470,3507"/>
                <Baseline points="490,3684 617,3694 744,3702 871,3708 998,3712 1125,3714 1252,3714 1379,3714 1506,3712 1633,3710 1760,3706 1887,3702 2014,3699 2141,3695 2268,3690 2395,3688 2522,3684 2649,3682 2776,3681 2903,3680 3030,3682"/>
                <Word id="r1l14_w1" custom="readingOrder {index:0;}">
                    <Coords points="482,3653 482,3713 729,3713 729,3653"/>
                    <TextEquiv>
                        <Unicode>Ich</Unicode>
                    </TextEquiv>
                </Word>
                <Word id="r1l14_w2" custom="readingOrder {index:1;}">
                    <Coords points="796,3673 796,3733 1360,3733 1360,3673"/>
                    <TextEquiv>
                        <Unicode>fürchte,</Unicode>
                    </TextEquiv>
                </Word>
                <Word id="r1l14_w3" custom="readingOrder {index:2;}">
                    <Coords points="1404,3671 1404,3731 1719,3731 1719,3671"/>
                    <TextEquiv>
                        <Unicode>wir</Unicode>
                    </TextEquiv>
                </Word>
                <Word id="r1l14_w4" custom="readingOrder {index:3;}">
                    <Coords points="1933,3652 1933,3712 2496,3712 2496,3652"/>
                    <TextEquiv>
                        <Unicode>werden</Unicode>
                    </TextEquiv>
                </Word>
                <Word id="r1l14_w5" custom="readingOrder {index:4;}">
                    <Coords points="2676,3640 2676,3700 2946,3700 2946,3640"/>
                    <TextEquiv>
                        <Unicode>ihm</Unicode>
                    </TextEquiv>
                </Word>
                <TextEquiv>
                    <Unicode>Ich fürchte, wir werden ihm</Unicode>
                </TextEquiv>
            </TextLine>
            <TextLine id="r1l15" custom="readingOrder {index:13;}">
                <Coords points="428,3916 1138,4016 1388,3903 1587,3998 1721,3893 1927,4046 2201,3898 2544,4021 2881,3920 3154,3984 3186,3867 2116,3750 1963,3831 776,3764 428,3845"/>
                <Baseline points="446,3918 582,3916 718,3914 854,3912 990,3910 1126,3908 1262,3908 1398,3906 1534,3906 1670,3906 1806,3906 1942,3906 2078,3906 2214,3908 2350,3910 2486,3912 2622,3914 2758,3918 2894,3922 3030,3926 3166,3932"/>
                <Word id="r1l15_w1" custom="readingOrder {index:0;}">
                    <Coords points="439,3874 439,3934 875,3934 875,3874"/>
                    <TextEquiv>
                        <Unicode>dieſen</Unicode>
                    </TextEquiv>
                </Word>
                <Word id="r1l15_w2" custom="readingOrder {index:1;}">
                    <Coords points="1060,3866 1060,3926 1637,3926 1637,3866"/>
                    <TextEquiv>
                        <Unicode>Schmerz</Unicode>
                    </TextEquiv>
                </Word>
                <Word id="r1l15_w3" custom="readingOrder {index:2;}">
                    <Coords points="1812,3866 1812,3926 2105,3926 2105,3866"/>
                    <TextEquiv>
                        <Unicode>nicht</Unicode>
                    </TextEquiv>
                </Word>
                <Word id="r1l15_w4" custom="readingOrder {index:3;}">
                    <Coords points="2334,3876 2334,3936 3053,3936 3053,3876"/>
                    <TextEquiv>
                        <Unicode>erſparen</Unicode>
                    </TextEquiv>
                </Word>
                <TextEquiv>
                    <Unicode>dieſen Schmerz nicht erſparen</Unicode>
                </TextEquiv>
            </TextLine>
            <TextLine id="r1l16" custom="readingOrder {index:14;}">
                <Coords points="484,4121 621,4152 957,4116 1254,4186 1254,3995 1187,4026 1055,4003 949,4042 793,3956 484,3933"/>
                <Baseline points="504,4106 540,4102 577,4101 613,4100 650,4100 686,4100 723,4100 759,4100 796,4100 832,4102 869,4102 905,4102 942,4104 978,4104 1015,4104 1051,4104 1088,4103 1124,4101 1161,4100 1197,4098 1234,4094"/>
                <Word id="r1l16_w1" custom="readingOrder {index:0;}">
                    <Coords points="490,4061 490,4121 1153,4121 1153,4061"/>
                    <TextEquiv>
                        <Unicode>können.</Unicode>
                    </TextEquiv>
                </Word>
                <TextEquiv>
                    <Unicode>können.</Unicode>
                </TextEquiv>
            </TextLine>
            <TextLine id="r1l17" custom="readingOrder {index:15;} structure {type:paragraph;}">
                <Coords points="1181,4360 1431,4405 1622,4341 1940,4507 2118,4349 2341,4364 2506,4488 2588,4425 2861,4470 3041,4394 3040,4242 2762,4201 2579,4249 1711,4165 1368,4245 1180,4164"/>
                <Baseline points="1200,4348 1291,4355 1382,4360 1473,4364 1564,4366 1655,4366 1746,4366 1837,4366 1928,4365 2019,4363 2111,4362 2202,4359 2293,4357 2384,4355 2475,4354 2566,4352 2657,4350 2748,4350 2839,4352 2930,4354 3022,4356"/>
                <Word id="r1l17_w1" custom="readingOrder {index:0;}">
                    <Coords points="1196,4323 1196,4383 1708,4383 1708,4323"/>
                    <TextEquiv>
                        <Unicode>Mein</Unicode>
                    </TextEquiv>
                </Word>
                <Word id="r1l17_w2" custom="readingOrder {index:1;}">
                    <Coords points="1865,4314 1865,4374 2945,4374 2945,4314"/>
                    <TextEquiv>
                        <Unicode>Schiffs-Platz</Unicode>
                    </TextEquiv>
                </Word>
                <TextEquiv>
                    <Unicode>Mein Schiffs-Platz</Unicode>
                </TextEquiv>
            </TextLine>
            <TextLine id="r1l18" custom="readingOrder {index:16;} latintype {offset:17; length:5;} place {offset:17; length:5;} date {offset:24; length:2; continued:true;}">
                <Coords points="459,4656 1935,4569 2787,4663 3208,4593 3206,4367 2895,4506 2112,4357 1946,4511 868,4516 683,4393 457,4500"/>
                <Baseline points="478,4584 613,4586 749,4588 884,4588 1020,4588 1156,4588 1291,4588 1427,4586 1562,4584 1698,4582 1834,4580 1969,4578 2105,4576 2240,4574 2376,4572 2512,4570 2647,4570 2783,4570 2918,4570 3054,4570 3190,4572"/>
                <Word id="r1l18_w1" custom="readingOrder {index:0;}">
                    <Coords points="470,4545 470,4605 648,4605 648,4545"/>
                    <TextEquiv>
                        <Unicode>iſt</Unicode>
                    </TextEquiv>
                </Word>
                <Word id="r1l18_w2" custom="readingOrder {index:1;}">
                    <Coords points="731,4548 731,4608 1707,4608 1707,4548"/>
                    <TextEquiv>
                        <Unicode>genommen,</Unicode>
                    </TextEquiv>
                </Word>
                <Word id="r1l18_w3" custom="readingOrder {index:2;}">
                    <Coords points="1968,4537 1968,4597 2099,4597 2099,4537"/>
                    <TextEquiv>
                        <Unicode>Ab</Unicode>
                    </TextEquiv>
                </Word>
                <Word id="r1l18_w4" custom="readingOrder {index:3;}">
                    <Coords points="2277,4530 2277,4590 2837,4590 2837,4530"/>
                    <TextEquiv>
                        <Unicode>Genue,</Unicode>
                    </TextEquiv>
                </Word>
                <Word id="r1l18_w5" custom="readingOrder {index:4;}">
                    <Coords points="2944,4530 2944,4590 3133,4590 3133,4530"/>
                    <TextEquiv>
                        <Unicode>5.</Unicode>
                    </TextEquiv>
                </Word>
                <TextEquiv>
                    <Unicode>iſt genommen. Ab Genua, 5.</Unicode>
                </TextEquiv>
            </TextLine>
            <TextLine id="r1l19" custom="readingOrder {index:17;} date {offset:0; length:8; continued:true;} textStyle {offset:0; length:2;strikethrough:true; fontSize:0.0; kerning:0;} organization {offset:19; length:10;}">
                <Coords points="443,4911 824,4967 965,4861 2093,4798 3006,4882 3293,4823 3289,4675 438,4736"/>
                <Baseline points="462,4836 602,4844 743,4851 883,4854 1024,4854 1164,4854 1305,4850 1445,4846 1586,4840 1726,4834 1867,4828 2007,4819 2148,4813 2288,4806 2429,4800 2569,4796 2710,4792 2850,4790 2991,4790 3131,4792 3272,4798"/>
                <Word id="r1l19_w1" custom="readingOrder {index:0;}">
                    <Coords points="449,4802 449,4862 717,4862 717,4802"/>
                    <TextEquiv>
                        <Unicode>An</Unicode>
                    </TextEquiv>
                </Word>
                <Word id="r1l19_w2" custom="readingOrder {index:1;}">
                    <Coords points="847,4814 847,4874 1300,4874 1300,4814"/>
                    <TextEquiv>
                        <Unicode>April.</Unicode>
                    </TextEquiv>
                </Word>
                <Word id="r1l19_w3" custom="readingOrder {index:2;}">
                    <Coords points="1450,4799 1450,4859 1741,4859 1741,4799"/>
                    <TextEquiv>
                        <Unicode>Aber</Unicode>
                    </TextEquiv>
                </Word>
                <Word id="r1l19_w4" custom="readingOrder {index:3;}">
                    <Coords points="1837,4785 1837,4845 1988,4845 1988,4785"/>
                    <TextEquiv>
                        <Unicode>die</Unicode>
                    </TextEquiv>
                </Word>
                <Word id="r1l19_w5" custom="readingOrder {index:4;}">
                    <Coords points="2214,4751 2214,4811 3269,4811 3269,4751"/>
                    <TextEquiv>
                        <Unicode>Vertretungs¬</Unicode>
                    </TextEquiv>
                </Word>
                <TextEquiv>
                    <Unicode>An April. Aber die Vertretungs-¬</Unicode>
                </TextEquiv>
            </TextLine>
            <TextLine id="r1l20" custom="readingOrder {index:18;}">
                <Coords points="460,5181 887,5208 1102,5090 1341,5199 1909,5040 2136,5137 2662,5003 3292,5018 3315,4892 1757,4850 1425,4965 1094,4895 911,5004 642,4913 453,4979"/>
                <Baseline points="476,5078 617,5076 758,5072 899,5068 1040,5064 1181,5058 1322,5053 1463,5046 1604,5040 1745,5034 1887,5026 2028,5020 2169,5015 2310,5008 2451,5002 2592,4997 2733,4993 2874,4990 3015,4987 3156,4986 3298,4984"/>
                <Word id="r1l20_w1" custom="readingOrder {index:0;}">
                    <Coords points="467,5033 467,5093 919,5093 919,5033"/>
                    <TextEquiv>
                        <Unicode>Frage</Unicode>
                    </TextEquiv>
                </Word>
                <Word id="r1l20_w2" custom="readingOrder {index:1;}">
                    <Coords points="981,5023 981,5083 1107,5083 1107,5023"/>
                    <TextEquiv>
                        <Unicode>iſt</Unicode>
                    </TextEquiv>
                </Word>
                <Word id="r1l20_w3" custom="readingOrder {index:2;}">
                    <Coords points="1333,5006 1333,5066 1571,5066 1571,5006"/>
                    <TextEquiv>
                        <Unicode>nicht</Unicode>
                    </TextEquiv>
                </Word>
                <Word id="r1l20_w4" custom="readingOrder {index:3;}">
                    <Coords points="1710,4978 1710,5038 2412,5038 2412,4978"/>
                    <TextEquiv>
                        <Unicode>geregelt,</Unicode>
                    </TextEquiv>
                </Word>
                <Word id="r1l20_w5" custom="readingOrder {index:4;}">
                    <Coords points="2575,4953 2575,5013 2851,5013 2851,4953"/>
                    <TextEquiv>
                        <Unicode>und</Unicode>
                    </TextEquiv>
                </Word>
                <Word id="r1l20_w6" custom="readingOrder {index:5;}">
                    <Coords points="3039,4946 3039,5006 3215,5006 3215,4946"/>
                    <TextEquiv>
                        <Unicode>die</Unicode>
                    </TextEquiv>
                </Word>
                <TextEquiv>
                    <Unicode>Frage iſt nicht geregelt, und die</Unicode>
                </TextEquiv>
            </TextLine>
            <TextEquiv>
                <Unicode>das aus dem »neuen Ghetto« lernen.
Geh’, kümmere Dich nicht
um das, was ſo ein Schafskopf
ſchreibt, und geh’ Du nur ruhig
weiter Deinen Weg. Ich ſehe
aus Deinem lieben Briefe, daß
Du wieder arbeitsdurſtig biſt und
voll von Plänen ſteckſt. Sehr
ſchön! Du kannſt Herrn Herzl
durch nichts einen größeren Schmerz
zufügen, als dadurch, daß Du ein
neues gutes Stück ſchreibſt.
Ich fürchte, wir werden ihm
dieſen Schmerz nicht erſparen
können.
Mein Schiffs-Platz
iſt genommen. Ab Genua, 5.
An April. Aber die Vertretungs-¬
Frage iſt nicht geregelt, und die</Unicode>
            </TextEquiv>
        </TextRegion>
    </Page>
</PcGts>
