3962 5839
1627 818 2220 878 E’est
2411 836 3125 896 embetant
368 848 857 908 etwas
959 846 1483 906 Erüſtes?

480 1038 849 1098 voilé
979 1047 1359 1107 tout.
1608 1050 1868 1110 Und
1977 1050 2337 1110 Jeder
2656 1051 2875 1111 hat
2986 1055 3305 1115 ſein

429 1269 1454 1329 embétemert,
1516 1265 1749 1325 und
1871 1264 2002 1324 Du
2226 1264 2470 1324 haſt
2633 1261 3202 1321 abſolut

399 1489 700 1549 kein
786 1488 1141 1548 Recht,
1334 1491 1517 1551 ein
1647 1494 2013 1554 Leben
2228 1489 2712 1549 ohnen

461 1718 1410 1778 embétoment
1632 1704 1751 1764 zu
1880 1696 3115 1756 beanſpruchen,

1517 1900 1801 1960 daß
1962 1908 2085 1968 Du
2237 1910 2692 1970 nichts
539 1909 814 1969 Sei
931 1914 1296 1974 froh,

482 2144 1581 2204 Schlimmeres
1848 2138 2237 2198 haſt.
2449 2125 3059 2185 Hindert

468 2348 760 2408 Dich
926 2348 1109 2408 das
1209 2344 1392 2404 au
1467 2339 1917 2399 irgend
2159 2340 2767 2400 etwas

493 2574 1829 2634 Weſentlichem?
2127 2570 2931 2630 Schaffen,

484 2798 1150 2858 Erleben,
1267 2791 1583 2851 foiie
1688 2773 2565 2833 C’amour?
2800 2777 3313 2837 Nein,

516 2988 867 3048 alſo
1116 2981 1606 3041 laßkes
1780 3006 2583 3066 klingen.
2770 3001 3058 3061 Und

357 3270 882 3330 wenn
1004 3250 1145 3310 Du
1320 3234 1952 3294 meſt,
2117 3223 2223 3283 es
2362 3215 2774 3275 mache
2941 3204 3117 3264 dir

484 3455 829 3515 das
937 3447 1520 3507 Arbeiten
1647 3436 2595 3496 unmöglich,
2665 3434 2753 3494 ſo
2951 3436 3236 3496 helle

493 3659 848 3719 halte
934 3671 1041 3731 ich
1171 3676 1353 3736 das
1504 3674 1697 3734 für
1870 3666 2257 3726 einen
2420 3656 3162 3716 Fehlſchluß

415 3893 665 3953 und
796 3880 928 3940 ich
1107 3870 1643 3930 glaube,
1775 3870 1895 3930 Du
2049 3869 2598 3929 ſchiebſt
2705 3864 2980 3924 auf

491 4090 833 4150 das
944 4092 1886 4152 Ohrenklingen
2048 4078 2373 4138 nur
2647 4074 2664 4134 X
2895 4077 3118 4137 den

495 4306 1047 4366 Meng
1323 4298 1876 4358 Mangel
2014 4289 2192 4349 an
2320 4290 3238 4350 Inſpiration

503 4524 1000 4584 welcher
1202 4518 1531 4578 daher
1626 4512 2252 4572 kommt,
2379 4506 2602 4566 daß
2792 4504 2962 4564 Du

520 4756 755 4816 zu
903 4753 1119 4813 feſt
1305 4748 1521 4808 und
1688 4743 1816 4803 zu
1992 4732 2542 4792 warm

540 4990 1080 5050 ſitzeſt
1144 4978 1274 5038 in
1441 4959 1956 5019 Deinem
2085 4925 3437 4985 Thoeaker-Neſt;
