3967 5842
1926 1050 2429 1110 Paris,
2479 1046 2713 1106 19.
2765 1047 3384 1107 Jamuar.

1089 1467 1390 1527 Mein
1601 1480 1898 1540 dieber
2112 1476 2814 1536 Freund,

663 1903 773 1963 Ich
886 1899 1012 1959 kam
1253 1894 1379 1954 Dir
1618 1894 1778 1954 nir
1954 1896 2017 1956 in
2161 1900 2384 1960 aller
2591 1907 2925 1967 Kerze
3100 1913 3244 1973 für

657 2104 989 2164 Deinen
1093 2113 1390 2173 lieben
1583 2116 1897 2176 Brief
2039 2116 2613 2176 danken;
2668 2116 2893 2176 denn
3017 2118 3138 2178 ich
3245 2121 3453 2181 habe

548 2337 1294 2397 unmenſchlich
1476 2344 1711 2404 viel
1895 2344 1948 2404 zu
2130 2340 2638 2400 thun.

1168 2543 1466 2603 Mein
1547 2562 2043 2622 Schwager
2282 2564 2419 2624 hat
2481 2561 2599 2621 die
2699 2560 3333 2620 verrückte.

562 2760 751 2820 Ide
882 2769 1353 2829 gehabt,
1409 2771 1524 2831 ich
1617 2772 1976 2832 könnte
2182 2774 2823 2834 Schlenther
2994 2788 3558 2848 Nachfolger

641 2980 779 3040 bei
881 2982 979 3042 der
1137 2991 1596 3051 Voſſiſchen
1776 3000 2033 3060 Ztg.
2114 3004 2711 3064 werden,
2771 2995 2968 3055 und
3109 2983 3207 3043 ich

539 3215 1092 3275 glaube,
1144 3222 1353 3282 man
1560 3220 1715 3280 hat
1872 3213 2202 3273 ſogar
2391 3203 2635 3263 Dich
2790 3200 2859 3260 in
3085 3198 3205 3258 der

574 3422 1430 3482 Angelegenheit
1551 3423 2185 3483 beläſtigt.
2246 3418 2387 3478 Sei
2551 3418 2796 3478 nicht
2877 3421 3102 3481 löſe

531 3657 1319 3717 deßwegen:

1008 3851 1193 3911 Von
1361 3860 1773 3920 meinen
2013 3860 2556 3920 Propecten
2796 3853 2983 3913 für
3170 3850 3300 3910 die

593 4074 1002 4134 nächſte
1162 4071 1732 4131 Zukunft
1913 4064 2141 4124 ſteht
2212 4062 2347 4122 die
2460 4063 2849 4123 Reiſe
2985 4074 3259 4134 nach

682 4298 1010 4358 Chine
1124 4284 1184 4344 um
1493 4278 2555 4338 Vordergrund.
2632 4291 2746 4351 Es
2864 4296 3249 4356 wäre

726 4528 877 4588 gar
1047 4526 1552 4586 herrlich,
1605 4524 1655 4584 in
1856 4522 2093 4582 Wien
2280 4518 2651 4578 wieder
2905 4516 3140 4576 mit

670 4735 908 4795 Euch
1041 4729 1084 4789 zu
1323 4723 1762 4783 leben.
1827 4722 2000 4782 Aber
2154 4724 2461 4784 denke
2569 4727 2634 4787 an
2897 4734 3005 4794 den

701 4946 1160 5006 Sumpf
1287 4940 1432 5000 des
1622 4942 2146 5002 Wiener
2335 4948 3277 5008 jaurnalisnus
