3962 5839
913 828 1263 888 das
1376 830 1991 890 Feuilleton
2190 824 2473 884 von
2691 830 3258 890 Herzl,

639 1072 992 1132 von
1070 1057 1665 1117 welchem
1820 1049 1963 1109 Du
2084 1041 2647 1101 ſchreibſt,
2779 1029 3000 1089 habe
3078 1022 3177 1082 ich

605 1272 888 1332 nicht
1015 1275 1606 1335 geleſen.
1795 1263 2365 1323 Könnteſt
2438 1254 2576 1314 Du
2754 1248 3081 1308 mir

714 1462 933 1522 es
1070 1473 1361 1533 nicht
1567 1480 2338 1540 ſchicken?

1260 1688 1739 1748 Mach’
1778 1681 1957 1741 Dich
2058 1678 2278 1738 mit
2417 1677 2587 1737 der
2726 1687 3165 1747 erſten

624 1913 1363 1973 warmen
1603 1907 2370 1967 Frühlings
2638 1902 3138 1962 Sonme

664 2123 927 2183 auf
1016 2130 1257 2190 und
1423 2134 1763 2194 fahre
1895 2134 2357 2194 Deinen
2489 2147 3620 2207 Hypohondrien,

637 2350 1279 2410 davon,
1469 2351 1810 2411 weit
1982 2340 2132 2400 in
2223 2334 2373 2394 die
2604 2330 2955 2390 Welt

685 2560 1412 2620 hinaus.
1542 2556 2008 2616 Wenn
2186 2552 2316 2612 Du
2484 2550 2717 2610 erſt
2811 2552 3351 2612 einmal

615 2774 1288 2834 draußen
1412 2770 1791 2830 biſt,
1848 2768 2294 2828 wirſt
2484 2770 2636 2830 Du
2825 2777 3224 2837 ſelbſt

649 2994 1628 3054 erſtaunen,
1783 2990 2117 3050 was
2285 2988 2503 3048 für
2671 2988 2955 3048 ein

732 3204 1108 3264 Kerl
1268 3200 1399 3260 Du
1569 3204 1897 3264 biſt!

1124 3410 1433 3470 der
1521 3404 1811 3464 Trolo
2065 3413 2487 3473 Prozeß
2697 3419 2886 3479 hat
2996 3415 3207 3475 Dir

515 3656 941 3716 wohl
1044 3639 1273 3699 auch
1449 3631 1626 3691 bis
1761 3628 2020 3688 zum
2167 3626 2437 3686 Ende
2602 3624 2904 3684 gut

683 3857 1337 3917 gefallen.
1495 3852 1603 3912 Es
1688 3850 1798 3910 iſt
1882 3853 2730 3913 intereſſant,
2827 3869 3105 3929 dotte
3191 3883 3615 3943 wenn

605 4060 965 4120 man
1114 4058 1535 4118 plötzlich
1694 4057 2315 4117 merkt,
2444 4056 2634 4116 daß
2865 4054 3274 4114 man

636 4295 1229 4355 wieder
1384 4278 1857 4338 mitten
2020 4269 2226 4329 im
2433 4273 3362 4333 Mittelalter

608 4501 1155 4561 lebt.
1263 4490 1499 4550 Aber
1649 4490 1757 4550 es
1896 4491 2047 4551 iſt
2144 4494 2412 4554 auch
2541 4498 2831 4558 gut
2939 4500 3024 4560 ſo

628 4699 877 4759 daß
1006 4713 1032 4773 m
1290 4722 1583 4782 wir
1807 4719 2315 4779 wieder
2556 4716 2729 4776 die
2883 4721 3323 4781 alten

682 4918 1184 4978 Frinde
1271 4927 1473 4987 vor
1603 4932 1817 4992 ins
1934 4934 2385 4994 haben.
2555 4936 3006 4996 Wn
3101 4938 3423 4998 das

633 5158 930 5218 gibt
1024 5162 1404 5222 einen
1571 5166 2115 5226 ſchönen
2282 5173 3065 5233 Kampf,
3112 5186 3362 5246 und
