1138 1432
55 112 912 225 Sommermonate verleben.
95 197 975 328 Laſſen Sie alle trüben Gedanken
80 281 1026 392 zu Hauſe und genießen Sie die
63 383 930 506 ſchöne Welt, die ja überhaupt
69 464 1013 597 nur dann wirklich ſchön iſt,
88 559 1008 662 wenn man Jemanden neben
54 616 1053 751 ſich hat, den man l liebt. Auch
55 721 1060 807 der Naturgenuß kann nur aus dem
57 803 955 886 Herzen kommen; und das Herz
62 857 1014 977 bleibt ungerührt, wenn nicht eine
67 942 1077 1043 Liebe es bewegt. Es gibt keine ſchönen
64 1005 980 1143 Landſchaften (ohne Liebe nämlich).
147 1119 1045 1260 Seien Sie herzlichſt gegrüßt
78 1203 908 1334 von Ihrem ergebenen
222 1313 987 1388 Dr. Paul Goldmann.
