3660 4623
333 541 1144 601 Dulden.
1185 546 1518 606 Und
1612 553 1757 613 es
1913 564 2080 624 iſt
2184 589 2693 649 enehr
2755 629 2953 689 ein
3018 755 3332 815 erhört

376 727 557 787 es
647 743 809 803 iſt
930 755 1294 815 ieun
1375 762 1627 822 der
1788 785 2737 845 Autterften

376 958 1387 1018 Erfaheungen
1491 987 2223 1047 meines
2409 1025 2921 1085 Leben

376 1155 795 1215 daß
934 1179 1167 1239 ich,
1213 1202 1983 1262 nachdem
2100 1222 2251 1282 ich
2449 1234 2682 1294 in

365 1389 1008 1449 emem
1137 1437 1919 1497 ſchueren
2088 1468 2899 1528 Labulkeu
3033 1662 3254 1722 Ihn

366 1625 1118 1685 meine
1255 1664 1612 1724 Ehre
1698 1686 2056 1746 rein
2180 1715 2415 1775 u.
2439 1755 2821 1815 fleik
3156 1907 3197 1967 s

455 1870 1189 1930 daihalbe.
1291 1903 1763 1963 falbe,
1821 1929 2184 1989 nich
2286 1973 2657 2033 um
2759 2073 3289 2133 Hefen

306 2100 687 2160 den
787 2121 1393 2181 alteſten
1493 2146 1718 2206 u.
1774 2168 2077 2228 mir
2266 2220 2647 2280 einſt
2771 2282 3028 2342 nn

371 2378 1088 2438 Freund
1225 2398 1521 2458 zur
1658 2409 2181 2469 Wohr
2409 2470 2876 2530 ſotzer

394 2597 847 2657 wll
1002 2626 1324 2686 muß
1574 2648 1873 2708 der
2005 2684 2601 2744 meine
2856 2781 3117 2841 Ehre

363 2841 573 2901 I
912 2895 1828 2955 befleitten
1947 2906 2365 2966 wull
2691 2981 2775 3041 –

423 3116 830 3176 Jenn
966 3145 2315 3205 Auterredung,
2452 3199 2529 3259 i
2752 3232 3043 3292 der

406 3378 1779 3438 Kſithaoreme1
2539 3423 2766 3483 Du
2929 3452 3306 3512 über

343 3590 926 3650 mich,
996 3625 1288 3685 der
1381 3638 1520 3698 ich
1626 3649 1941 3709 alls
2140 3667 2548 3727 Gaſt
2676 3690 2956 3750 ein

450 3871 1002 3931 Hauſe
1074 3897 1684 3957 Deiner
1987 3930 2898 3990 Mutter¬
2960 4011 3294 4071 milte
