1214 1434
56 123 1061 271 ſie ſchimpfen zu können! Und mein
68 263 981 350 Feuilleton kam von Herzen und
71 320 1016 421 es war gut; denn es iſt Ar keine
69 388 989 496 Kleinigkeit, an Gedankeninhalt
59 461 989 570 eines ſo gewaltigen Werkes zu
77 546 1067 646 entwickeln, zumal wenn man
79 610 1049 729 gezwungen iſt, Manches zu ſagen,
71 694 1004 791 was der Autor ſich ſelbſt nicht
91 754 1081 883 gedacht hat! Und wenn es Ihnen
79 826 1031 960 Ihne nicht gefallen hat, ſo haben
65 944 1089 1043 Sie mich eben nur wieder einmal
74 980 1004 1104 unterſchätzt! Im Übrigen iſt es
73 1081 983 1188 bezeich ſehr lieb von Ihnen,
87 1172 987 1279 daß Sie mir geſchrieben haben,
91 1242 1053 1355 wie Sie ſchreiben. Vom Leben aber
