1158 1441
647 159 954 213 Dessauerstrasse 19
65 191 428 291 Berlin, 3. April.
160 319 741 429 Liebes Fräulein Olga,
110 414 1030 586 Schön, ſchön und ſchön! Und ich habe
68 547 1040 641 doch Recht! Und wenn Sie werden ſo
87 633 1031 706 grob mit mir ſein, ſo werde ich bei
71 677 1020 757 Ihrem erſten Auftreten in Berlin eine
64 745 973 831 ſchlechte Kritik über Sie ſchreiben!
61 805 1007 885 Oder ihnen ſonſt etwas Furchtbares
82 884 1032 977 anthun! Und wenn alle Menſchen
67 938 1009 1048 einſam ſind (was übrigens nicht
74 1002 984 1113 wahr iſt), ſo will ich es nicht ſein,
79 1089 935 1194 Himmelkreuzſchockſchwerenoth!
76 1183 948 1246 Und wenn alle Frauen eine
94 1231 930 1348 Bagage ſind, ſo will ich doch
111 1313 979 1394 eine haben, ſchon um auf
