3764 4598
2270 560 2508 620 Me8en
2601 611 2647 671 D

475 942 1012 1002 Belin
1127 972 1307 1032 19.
1501 1001 1821 1061 Nan

850 1349 1349 1409 Mein
1409 1384 1908 1444 lieben
1998 1426 2771 1486 Freund,

489 1659 837 1719 das
945 1698 1466 1758 Verbat
1512 1725 1706 1785 des
1749 1760 2535 1820 »Lagen«
2600 1806 2948 1866 duch
2970 1831 3186 1891 die

439 1912 1184 1972 Veliner
1253 1973 2524 2033 Naasamnaltſchaft
2830 2062 3221 2122 ſcheint

445 2110 766 2170 ſch
845 2127 1087 2187 an
1249 2152 1609 2212 woch
1688 2183 2172 2243 liden
2251 2229 3094 2289 Zudeſtlng
3133 2261 3336 2321 end

452 2304 655 2364 Ich
713 2324 1002 2384 bitte
1074 2349 1365 2409 Dich,
1509 2384 1858 2444 mir
1958 2443 2916 2503 autzuthalen,
2988 2488 3089 2548 ob
3191 2502 3320 2562 ich

457 2503 707 2563 dr
783 2521 962 2581 n
1033 2546 1359 2606 deſr
1507 2616 2485 2676 Leſlegeheit
2628 2700 3387 2760 egerdnde

447 2727 569 2787 K
691 2772 1249 2832 dienen
1310 2814 1864 2874 kann.
1929 2859 2667 2919 Duimiſt,
2762 2910 3007 2970 doh
3102 2953 3347 3013 wah

447 2998 1172 3058 deutschem
1219 3043 1597 3103 Racht,
1676 3069 1929 3129 auf
2007 3089 2260 3149 jede
2354 3141 3314 3201 Confiscation

460 3214 715 3274 ein
767 3244 1254 3304 Prozaß
1408 3302 1831 3362 folgen
1920 3328 2240 3388 muß
2654 3371 2912 3431 ſiſt
2961 3373 3281 3433 alſot

402 3473 1204 3533 dringend
1325 3538 1877 3598 nöthig,
1912 3560 2104 3620 daß
2247 3574 2403 3634 Du
2524 3590 2823 3650 odr
2931 3611 3266 3671 Dein

530 3751 1277 3811 derleger
1388 3800 1904 3860 einen
1977 3826 2738 3886 tüchtigin
2799 3862 3254 3922 Nacht,

468 3943 1160 4003 Uewalt
1290 4027 1470 4087 X
1673 4004 1890 4064 als
2018 4049 2786 4109 Beracher
2933 4093 3030 4153 –

583 4128 655 4188 .
933 4168 1467 4228 möglich
1580 4187 1907 4247 ene
2337 4228 2575 4288 Dr
2645 4245 2788 4305 au
3109 4289 3359 4349 mir
