3947 5878
458 520 1100 580 Berlin,
1125 530 1402 590 29.
1477 532 1728 592 10.
1767 528 1968 588 25

418 849 1059 909 Lieber
1191 838 1782 898 Freund,

425 1193 718 1253 Es
800 1190 1188 1250 war
1293 1184 1587 1244 ſehr
1727 1173 2057 1233 lieb
2197 1157 2550 1217 von
2632 1139 3055 1199 Dir,
3090 1120 3384 1180 daß

418 1398 729 1458 Du
843 1385 1289 1445 gleich
1413 1365 1786 1425 nach
1890 1341 2574 1401 Deiner
2687 1331 3538 1391 Heimtehr

418 1614 831 1674 ans
945 1580 1224 1640 die
1348 1556 1999 1616 Bücher
2143 1541 2887 1601 geſchickt
3032 1531 3455 1591 hoſt

479 1794 1216 1854 Tochter
1277 1775 1469 1835 u.
1560 1758 2178 1818 Voter
2390 1733 3119 1793 daukeu
3199 1724 3543 1784 sir

411 2027 861 2087 Dauf
997 2003 1187 2063 la
1424 1958 2483 2018 Hertzlichſte.
2539 1932 3125 1992 Fanz
3250 1939 3440 1999 iſt

394 2225 1085 2285 bereits
1214 2191 1419 2251 in
1495 2158 2520 2218 Fauilein
2636 2135 3162 2195 Elſe«

391 2415 1188 2475 vertieht
1292 2373 1515 2433 u.
1567 2353 2470 2413 eoklart,
2550 2349 2746 2409 es
2837 2350 3060 2410 ſei
3112 2353 3426 2413 das

417 2597 1200 2657 Schönſte
1332 2567 1628 2627 das
1771 2555 2033 2615 ſie
2151 2548 2305 2608 je
2425 2544 2983 2604 geleſen
3078 2547 3458 2607 habt

577 2797 1253 2857 dankt
1378 2778 1649 2838 Dir
1773 2765 2107 2825 auch
2200 2756 2481 2816 fur
2720 2744 3011 2804 dic

425 2973 1732 3033 igenhändige
1873 2927 2979 2987 Widnuig,
3039 2909 3380 2969 met

444 3155 824 3215 der
963 3152 1139 3212 ſie
1288 3145 1548 3205 nu
1668 3130 2057 3190 hrco
2187 3112 2688 3172 Kevif
2892 3114 3606 3174 gropai

459 3352 1337 3412 Eindruck
1570 3332 1782 3392 zu
1910 3317 2694 3377 machen
2831 3308 3361 3368 hofft.

430 3575 690 3635 Ich
776 3556 1184 3616 freue
1296 3535 1679 3595 mich
1753 3512 2532 3572 darauf,
2694 3500 3089 3560 das

437 3786 940 3846 Leuf
1025 3764 1433 3824 nach
1528 3743 2212 3803 mener
2440 3723 3076 3783 Kachtur
3173 3720 3352 3780 zu

382 4008 1163 4068 leſen.
1226 3984 2021 4044 »Komodie
2109 3959 2412 4019 der
2514 3955 3598 4015 Verhichi«

400 4244 630 4304 iſt
744 4217 1109 4277 mir
1242 4185 1951 4245 baraits
2029 4164 3093 4224 bekvuut.
3131 4160 3466 4220 Fur

384 4421 719 4481 Dir
824 4402 1829 4462 Welmung
1934 4378 2519 4438 duke
2643 4368 2844 4428 nch
2959 4362 3304 4422 Dod

358 4617 855 4677 noch
936 4604 1975 4664 befonder-
2111 4580 2625 4640 übarſ
2869 4572 3284 4632 wie

491 4840 975 4900 fur
1098 4823 1830 4883 Deinen
1916 4806 2487 4866 lieben
2574 4793 3207 4853 Befuch,
3268 4784 3553 4844 der

437 5059 856 5119 für
1009 5041 1428 5101 mich
1592 5038 2071 5098 eine
2234 5036 2572 5096 ſehr
2748 5025 3355 5085 große

510 5296 1209 5356 Frale
1354 5280 1930 5340 war.
1978 5272 2927 5332 Wirklich-
2985 5266 3292 5326 Du
