1130 1612
199 136 763 215 Liebes Fräulein Liesl,
218 212 917 304 Einen Brief, den Sie mir
150 280 1059 375 ſchreiben, brauchen Sie Ihrer Schweſter
157 358 1009 456 nicht zur Kritik vorzulegen. Das
147 431 1057 529 wäre noch ſchöner! Schweſtern verſtehen
151 499 560 590 nichts von Briefen!
287 578 1057 667 Der Roſenmontag iſt ein blödſinniges
150 663 1023 722 Stück. Altenberg ſollen Sie nicht leſen,
143 739 1018 812 Maupassant ſo viel als möglich (obwohl
150 789 1015 874 Sie eigentlich noch zu jung dazu ſind).
284 859 991 965 Meine Mutter iſt die Güte und
159 946 1049 1046 Selbſtaufopferung in Perſon. Gerade das,
154 1018 1015 1110 was Sie brauchten. Ich aber bin wenig
138 1093 1036 1192 dankbar dafür und ſehne mich nach etwas
150 1177 991 1255 ganz, ganz Anderem, als nach einer
171 1239 364 1313 Mutter.
238 1315 957 1410 Nach Wien werde ich lange nicht
154 1382 1065 1496 kommen. Wozu auch das ewige Herumreiſen?
