1141 1435
162 87 1030 221 Es thut mir leid, daß ich nicht
71 157 1066 281 auch Ihnen zu einem Engagement.
66 249 949 335 in einem Berliner Theater
74 312 951 409 verhelfen kann; aber ichd
69 383 1044 477 denke mir, daß Sie Beſſeres gefunden
83 435 1068 543 haben, als Ihnen die größte Stellung
73 512 1003 606 an der größten Bühne jemals
71 553 686 646 hätte bieten können.
155 637 1021 776 Mit herzlichen Grüßen an Sie
72 735 990 853 und Liesl (der ich für ihren
93 802 744 949 Brief danke) bin ich
335 929 833 1071 Ihr ergebener
62 1086 867 1256 Dr. Paul Goldmann.
