1145 1435
61 104 1014 212 bekam aber nicht einmal eine Antwort.
66 192 1010 281 Ich bin nämlich (aber ſagen Sie es nicht
61 262 773 358 weiter!) nicht »literariſch«.
194 351 1056 457 Ich wünſche Ihnen und dem Fräulein
75 426 1042 535 Liesl frohe Weihnachten, bitte Sie, meinen
66 520 981 605 Namensvetter Paul zu grüßen, hoffe,
64 582 1021 669 bald wieder durch einen Brief erfreut
83 624 1078 756 zu werden, und küſſe Ihnen Beiden je eine
93 687 277 808 Hand.
188 798 917 957 Ihr freundſchaftlich ergebener
223 989 900 1135 Dr. Paul Goldmann.
