<?xml version="1.0" encoding="UTF-8" standalone="yes"?>
<PcGts xmlns="http://schema.primaresearch.org/PAGE/gts/pagecontent/2013-07-15" xmlns:xsi="http://www.w3.org/2001/XMLSchema-instance" xsi:schemaLocation="http://schema.primaresearch.org/PAGE/gts/pagecontent/2013-07-15 http://schema.primaresearch.org/PAGE/gts/pagecontent/2013-07-15/pagecontent.xsd">
    <Metadata>
        <Creator>prov=READ-COOP:name=PyLaia@TranskribusPlatform:version=2.3.0:model_id=49503:lm=provided:date=07_09_2023_08:46</Creator>
        <Created>2022-04-04T16:21:00.603+02:00</Created>
        <LastChange>2023-09-27T09:35:15.911+02:00</LastChange>
        <TranskribusMetadata docId="962551" pageId="37299388" pageNr="43" tsid="135776439" status="IN_PROGRESS" userId="64420" imgUrl="https://files.transkribus.eu/Get?id=CUWRQLHDVRDKRVCGVLWRVMND&amp;fileType=view" xmlUrl="https://files.transkribus.eu/Get?id=RIFRVPRRFJIURXEPPXWIALEZ" imageId="30076429"/>
    </Metadata>
    <Page imageFilename="DLA_PG-an-Olga_00043 DLA_85.1.5247_00035-0.jpg" imageWidth="1206" imageHeight="1430">
        <ReadingOrder>
            <OrderedGroup id="ro_1700640287155" caption="Regions reading order">
                <RegionRefIndexed index="0" regionRef="TextRegion_1695799852558_184"/>
            </OrderedGroup>
        </ReadingOrder>
        <TextRegion id="TextRegion_1695799852558_184" custom="readingOrder {index:0;}">
            <Coords points="54,98 1060,98 1074,526 1074,1366 54,1366 54,526"/>
            <TextLine id="tr_2_tl_1" custom="readingOrder {index:0;}">
                <Coords points="48,153 208,225 304,181 344,205 641,171 713,205 922,209 981,191 981,151 789,162 672,116 586,149 154,108 47,132"/>
                <Baseline points="54,148 84,154 114,158 144,162 174,166 204,170 234,172 264,174 294,176 324,176 354,176 384,176 414,176 444,174 474,172 504,172 534,170 564,170 594,170 624,172 654,174 684,174 714,176 744,180 774,178 804,178 834,180 864,180 894,180 924,182 954,182 984,182 986,180"/>
                <TextEquiv>
                    <Unicode>die Offenheit, mit der Sie zu mir</Unicode>
                </TextEquiv>
            </TextLine>
            <TextLine id="tr_2_tl_2" custom="readingOrder {index:1;}">
                <Coords points="49,233 139,258 577,239 766,275 969,252 967,214 769,192 696,220 479,182 208,224 49,194"/>
                <Baseline points="56,230 86,236 116,238 146,240 176,240 206,238 236,236 266,236 296,238 326,238 356,238 386,238 416,240 446,238 476,238 506,238 536,236 566,236 596,238 626,238 656,240 686,242 716,244 746,248 776,248 806,250 836,252 866,252 896,254 926,252 956,252 988,258"/>
                <TextEquiv>
                    <Unicode>über meine Feuilletons ſprechen,</Unicode>
                </TextEquiv>
            </TextLine>
            <TextLine id="tr_2_tl_3" custom="readingOrder {index:2;}">
                <Coords points="54,315 247,299 352,341 443,304 952,314 841,256 539,295 423,258 54,284"/>
                <Baseline points="62,298 92,300 122,302 152,302 182,302 212,298 242,298 272,296 302,296 332,298 362,300 392,300 422,302 452,302 482,304 512,302 542,304 572,302 602,302 632,302 662,304 692,304 722,304 752,308 782,310 812,310 842,310 872,312 902,312 932,314 956,312"/>
                <TextEquiv>
                    <Unicode>und werde Ihnen mit derſelben</Unicode>
                </TextEquiv>
            </TextLine>
            <TextLine id="tr_2_tl_4" custom="readingOrder {index:3;}">
                <Coords points="63,403 303,362 969,401 967,355 859,342 62,327"/>
                <Baseline points="70,362 100,364 130,366 160,368 190,368 220,368 250,366 280,364 310,362 340,364 370,366 400,366 430,366 460,366 490,366 520,368 550,368 580,370 610,370 640,372 670,372 700,374 730,376 760,378 790,376 820,378 850,380 880,382 910,384 940,386 970,390 972,388"/>
                <TextEquiv>
                    <Unicode>Offenheit antworten. Und da muß</Unicode>
                </TextEquiv>
            </TextLine>
            <TextLine id="tr_2_tl_5" custom="readingOrder {index:4;}">
                <Coords points="57,480 370,441 542,488 593,455 832,453 919,496 1019,482 1018,436 777,384 662,419 533,391 241,419 148,377 54,419"/>
                <Baseline points="62,432 92,436 122,438 152,438 182,438 212,440 242,440 272,440 302,436 332,436 362,438 392,438 422,436 452,438 482,436 512,438 542,438 572,442 602,442 632,446 662,448 692,448 722,448 752,448 782,450 812,452 842,452 872,454 902,456 932,462 962,466 992,470 1022,472"/>
                <TextEquiv>
                    <Unicode>ich Ihnen ſagen, daß Ihre Äußerungen</Unicode>
                </TextEquiv>
            </TextLine>
            <TextLine id="tr_2_tl_6" custom="readingOrder {index:5;}">
                <Coords points="54,509 536,514 675,565 770,523 807,556 917,528 1057,570 1056,512 767,475 54,490"/>
                <Baseline points="62,504 92,506 122,508 152,508 182,508 212,508 242,508 272,508 302,508 332,510 362,510 392,512 422,512 452,512 482,512 512,512 542,512 572,514 602,514 632,516 662,516 692,518 722,518 752,518 782,520 812,522 842,524 872,526 902,528 932,528 962,534 992,540 1022,544 1052,548 1051,559"/>
                <TextEquiv>
                    <Unicode>mich außerordentlich geſchmerzt, – daß</Unicode>
                </TextEquiv>
            </TextLine>
            <TextLine id="tr_1_tl_1" custom="readingOrder {index:6;}">
                <Coords points="61,617 267,577 471,582 539,623 755,589 903,651 1033,643 1031,571 629,539 562,570 319,528 187,555 138,520 58,550"/>
                <Baseline points="66,586 96,584 126,584 156,582 186,582 216,580 246,578 276,576 306,578 336,576 366,578 396,578 426,578 456,580 486,580 516,580 546,580 576,582 606,582 636,582 666,584 696,584 726,586 756,588 786,590 816,596 846,596 876,600 906,604 936,608 966,616 996,620 1026,626 1036,626"/>
                <TextEquiv>
                    <Unicode>ſie mich in einem Punkte getroffen</Unicode>
                </TextEquiv>
            </TextLine>
            <TextLine id="tr_1_tl_2" custom="readingOrder {index:7;} unclear {offset:7; length:1;} textStyle {offset:7; length:1;strikethrough:true;}">
                <Coords points="62,686 361,648 931,677 929,639 683,612 61,623"/>
                <Baseline points="68,654 98,652 128,654 158,654 188,654 218,652 248,652 278,650 308,650 338,646 368,648 398,648 428,650 458,650 488,650 518,652 548,652 578,654 608,654 638,654 668,656 698,656 728,660 758,660 788,662 818,666 848,668 878,670 908,674 934,678"/>
                <TextEquiv>
                    <Unicode>haben, w an dem ich überaus</Unicode>
                </TextEquiv>
            </TextLine>
            <TextLine id="tr_1_tl_3" custom="readingOrder {index:8;}">
                <Coords points="62,748 127,776 293,723 809,731 1045,766 1043,700 656,694 586,656 465,705 357,666 60,683"/>
                <Baseline points="68,714 98,720 128,722 158,724 188,724 218,724 248,724 278,724 308,722 338,722 368,722 398,722 428,724 458,724 488,726 518,726 548,726 578,726 608,726 638,726 668,726 698,726 728,728 758,730 788,730 818,732 848,734 878,734 908,738 938,742 968,744 998,748 1028,752 1048,756"/>
                <TextEquiv>
                    <Unicode>empfindlich bin. Oder, um es etwas</Unicode>
                </TextEquiv>
            </TextLine>
            <TextLine id="tr_1_tl_4" custom="readingOrder {index:9;}">
                <Coords points="53,803 211,832 731,795 1070,862 1067,777 859,746 802,779 694,743 395,747 339,786 52,758"/>
                <Baseline points="60,792 90,796 120,798 150,800 180,802 210,800 240,800 270,800 300,798 330,800 360,798 390,796 420,798 450,796 480,796 510,796 540,796 570,794 600,794 630,792 660,794 690,792 720,794 750,796 780,798 810,802 840,806 870,808 900,812 930,816 960,822 990,830 1020,836 1050,844 1072,848"/>
                <TextEquiv>
                    <Unicode>weniger ſentimental auszudeuten:</Unicode>
                </TextEquiv>
            </TextLine>
            <TextLine id="line_1695799875758_200" custom="readingOrder {index:10;} textStyle {offset:8; length:1;strikethrough:true;} gap {offset:8; length:0;}">
                <Coords points="56,827 116,821 617,819 764,822 979,840 1070,879 1071,917 894,923 641,927 246,922 58,918"/>
                <Baseline points="64,862 94,864 124,868 154,868 184,868 214,868 244,868 274,870 286,870 410,884 440,874 470,872 500,870 530,868 560,868 590,866 620,866 650,866 680,866 710,870 740,870 770,874 800,876 830,878 860,880 890,880 920,884 950,886 980,890 1010,894 1040,900 1070,904 1078,909"/>
                <TextEquiv>
                    <Unicode>Ich bin X verblüfft, von Ihnen</Unicode>
                </TextEquiv>
            </TextLine>
            <TextLine id="tr_1_tl_7" custom="readingOrder {index:11;}">
                <Coords points="51,955 410,994 501,956 586,990 700,951 771,993 1035,967 999,905 902,938 686,904 186,928 113,893 51,923"/>
                <Baseline points="58,940 88,942 118,944 148,946 178,948 208,948 238,950 268,952 298,954 328,954 358,954 388,954 418,954 448,952 478,950 508,950 538,950 568,948 598,946 628,944 658,944 688,948 718,948 748,948 778,950 808,950 838,950 868,950 898,952 928,952 958,954 988,956 1018,958 1038,960"/>
                <TextEquiv>
                    <Unicode>ſo ganz und gar nicht verſtanden</Unicode>
                </TextEquiv>
            </TextLine>
            <TextLine id="tr_1_tl_8" custom="readingOrder {index:12;}">
                <Coords points="61,1047 272,1027 444,1095 525,1038 657,1024 840,1081 881,1050 1062,1070 1061,997 970,967 886,1005 826,976 467,1017 356,986 61,1005"/>
                <Baseline points="68,1020 98,1020 128,1020 158,1022 188,1022 218,1024 248,1024 278,1026 308,1028 338,1028 368,1030 398,1030 428,1032 458,1032 488,1030 518,1030 548,1028 578,1026 608,1026 638,1024 668,1024 698,1024 728,1024 758,1024 788,1024 818,1024 848,1026 878,1028 908,1030 938,1032 968,1036 998,1040 1028,1044 1051,1058 1064,1048"/>
                <TextEquiv>
                    <Unicode>zu werden. Ich bin verblüfft, daß</Unicode>
                </TextEquiv>
            </TextLine>
            <TextLine id="tr_1_tl_9" custom="readingOrder {index:13;}">
                <Coords points="47,1102 192,1154 657,1107 1024,1159 1021,1078 550,1092 500,1062 453,1095 95,1033 46,1070"/>
                <Baseline points="54,1092 84,1090 114,1092 144,1090 174,1094 204,1096 234,1098 264,1100 294,1102 324,1104 354,1104 384,1108 414,1110 444,1110 474,1110 504,1108 534,1108 564,1106 594,1106 624,1106 654,1106 684,1106 714,1108 744,1110 774,1110 804,1112 834,1114 864,1116 894,1120 924,1126 954,1130 984,1134 1014,1136 1026,1134"/>
                <TextEquiv>
                    <Unicode>Sie nicht begreifen, wieviel ehrliche</Unicode>
                </TextEquiv>
            </TextLine>
            <TextLine id="tr_1_tl_10" custom="readingOrder {index:14;}">
                <Coords points="61,1186 272,1216 406,1186 499,1226 589,1185 676,1235 993,1208 979,1152 580,1170 458,1113 339,1154 139,1119 60,1145"/>
                <Baseline points="68,1168 98,1168 128,1168 158,1170 188,1170 218,1174 248,1176 278,1176 308,1180 338,1180 368,1182 398,1182 428,1184 458,1184 488,1182 518,1182 548,1182 578,1182 608,1184 638,1184 668,1184 698,1186 728,1186 758,1190 788,1192 818,1192 848,1192 878,1196 908,1198 938,1200 968,1200 996,1202"/>
                <TextEquiv>
                    <Unicode>Kunſtbegeiſterung, welch’ heißes</Unicode>
                </TextEquiv>
            </TextLine>
            <TextLine id="tr_1_tl_11" custom="readingOrder {index:15;}">
                <Coords points="73,1273 175,1318 265,1268 324,1304 391,1270 585,1262 923,1289 955,1246 327,1241 158,1185 72,1216"/>
                <Baseline points="80,1252 110,1254 140,1254 170,1256 200,1258 230,1260 260,1264 290,1262 320,1262 350,1264 380,1264 410,1266 440,1264 470,1264 500,1264 530,1264 560,1262 590,1262 620,1264 650,1262 680,1262 710,1264 740,1264 770,1264 800,1266 830,1266 860,1268 890,1268 920,1268 950,1270 958,1268"/>
                <TextEquiv>
                    <Unicode>Wahrheitsſtreben in meinen</Unicode>
                </TextEquiv>
            </TextLine>
            <TextLine id="tr_1_tl_12" custom="readingOrder {index:16;} latintype {offset:14; length:9;} person {offset:14; length:9;}">
                <Coords points="89,1355 588,1333 651,1373 726,1341 994,1383 1062,1356 1061,1316 888,1331 783,1288 355,1314 293,1278 87,1307"/>
                <Baseline points="94,1336 124,1338 154,1338 184,1340 214,1340 244,1342 274,1340 304,1340 334,1338 364,1336 394,1336 424,1336 454,1336 484,1336 514,1336 544,1334 574,1332 604,1334 634,1336 664,1336 694,1336 724,1338 754,1340 784,1342 814,1342 844,1344 874,1348 904,1350 934,1352 964,1356 994,1356 1024,1356 1054,1354 1062,1365"/>
                <TextEquiv>
                    <Unicode>Kritiken über Hauptmann ſich</Unicode>
                </TextEquiv>
            </TextLine>
            <TextEquiv>
                <Unicode>die Offenheit, mit der Sie zu mir
über meine Feuilletons ſprechen,
und werde Ihnen mit derſelben
Offenheit antworten. Und da muß
ich Ihnen ſagen, daß Ihre Äußerungen
mich außerordentlich geſchmerzt, – daß
ſie mich in einem Punkte getroffen
haben, w an dem ich überaus
empfindlich bin. Oder, um es etwas
weniger ſentimental auszudeuten:
Ich bin X verblüfft, von Ihnen
ſo ganz und gar nicht verſtanden
zu werden. Ich bin verblüfft, daß
Sie nicht begreifen, wieviel ehrliche
Kunſtbegeiſterung, welch’ heißes
Wahrheitsſtreben in meinen
Kritiken über Hauptmann ſich</Unicode>
            </TextEquiv>
        </TextRegion>
    </Page>
</PcGts>
