1212 1446
465 143 593 240 Blech
56 215 992 327 wie gewöhnlich, Blech geſchrieben. Das
69 288 1031 400 ſpürt man heraus, wenn man auch
69 389 1075 507 die Vorſtellung ſelbſt nicht geſehen hat.
59 448 926 581 Ich freue mich, daß Alles gut
66 556 1029 686 gegangen iſt. Auf die N. Fr. Pr.
70 656 1002 763 bin ich neugierig. Oder iſt das
88 713 1064 883 Referat vielleicht ſchon erſchienen
65 833 777 972 und habe ich es überſehen?
169 963 915 1065 Ob ich Sie im Sommer
60 1016 975 1155 wiederſehen werde, weiß ich
74 1140 1042 1293 noch nicht. Jedenfalls kann ich nur
85 1221 986 1378 im Auguſt auf Urlaub gehen,
