3759 4637
432 553 806 613 Din
852 568 1000 628 ich
1056 580 1284 640 als
1398 606 2171 666 Kintiker
2330 648 2727 708 ſichag
2864 687 3182 747 nicht

437 765 726 825 im
781 761 1473 821 Unricht:
1528 792 1778 852 u.
1805 810 1943 870 ich
1998 843 2497 903 finde,
2539 878 2828 938 daß
2967 894 3091 954 es

461 966 864 1026 eine
1003 1017 2085 1077 Lacferlichkrit
2155 1050 2397 1110 iſt,
2466 1078 2950 1138 gegen
3042 1113 3191 1173 ds

442 1199 1178 1259 Öffentlich
1332 1243 2265 1303 übgegebene
2396 1294 2957 1354 Mrtuil

522 1405 973 1465 eines
1104 1445 1950 1505 Kritikers
2155 1454 2491 1514 das
2592 1470 2754 1530 er
2841 1514 3322 1574 genäu

514 1568 767 1628 u.
832 1602 1252 1662 ſachlich
1379 1638 2207 1698 begeündet
2334 1675 2715 1735 hat,
2766 1712 3059 1772 Ruß

596 1799 907 1859 las
967 1830 1564 1890 ſpielen
1709 1849 1907 1909 zu
2020 1876 2706 1936 wollen,
2823 1936 3049 1996 di

520 1994 787 2054 er
899 2019 1244 2079 nach
1324 2048 1719 2108 einer
1844 2105 2759 2165 Vorleſuung
2871 2177 3059 2237 im

553 2216 1258 2276 Wollde
1401 2264 1893 2324 gatau
2016 2299 2343 2359 hat.

932 2432 1222 2492 Ich
1307 2447 1561 2507 habe
1682 2479 2177 2539 mein
2359 2544 3218 2604 Gedachtmis

463 2614 1117 2674 inihr
1301 2665 2252 2725 angeſtrengt
2348 2706 2592 2766 u.
2672 2748 3256 2808 kounn

473 2809 954 2869 mich
1078 2836 1302 2896 an
1395 2852 1589 2912 die
1733 2894 2829 2954 Nußeung,
2892 2937 3096 2997 die

784 2905 1217 2965 auße

517 3033 687 3093 ich
762 3034 1246 3094 ekte
1463 3075 1954 3135 getru
2148 3112 2584 3172 haben
2778 3148 3056 3208 ſoll

443 3229 748 3289 daß
851 3245 963 3305 ich
1088 3268 1711 3328 nämlich
1812 3310 2616 3370 bedaurn,
2729 3360 3171 3420 nicht

550 3480 1071 3540 ſelbſt
1241 3497 1609 3557 ſolche
1779 3522 2315 3582 Stücke
2485 3576 3107 3636 ſcheeiben

570 3676 851 3736 Xu
982 3693 1525 3753 köieuau
1726 3715 2088 3775 nicht
2258 3747 2671 3807 mehr
2791 3785 2952 3845 er

472 3879 935 3939 Aber
1013 3897 1138 3957 ich
1273 3912 1621 3972 will
1786 3931 2114 3991 nicht
2210 3948 2375 4008 in
2530 3995 3244 4055 Abrnde

615 4120 1311 4180 ſtillen,
1387 4135 1582 4195 ſie
1637 4148 2268 4208 gatau.
2603 4195 3155 4255 haben.
