1143 1435
623 142 936 198 Dessauerstrasse 19
71 163 566 267 Berlin, 20. Dezember.
162 312 903 410 Verehrtes und liebes Fräulein,
119 445 1022 560 Die Briefe, die Sie und Ihr Schweſterchen
68 514 1063 603 mir geſchrieben, haben mir gX große Freude
77 572 994 684 bereitet. Seit Wochen liegen ſie auf dem
65 628 1047 750 Schreibtiſch – ganz obenauf, um raſch zur Hand
72 704 1049 773 zu ſein für den Fall, daß die Stunde des
55 767 982 861 Briefſchreibens kommen ſollte. Aber die
65 830 1080 926 Stunde iſt bisher nicht gekommen, wird
62 880 1093 977 auch wohl ſo bald nicht kommen in meinem
69 964 1013 1058 vielgeplagten Berichterſtatter-Daſein,
58 1008 1047 1116 und das, was ich Ihnen heut ſchreibe, iſt
55 1090 1008 1190 eigentlich kein Brief, ſondern es ſind nur
60 1131 977 1243 drei kurze Worte des Dankes und des
82 1206 934 1336 herzlichen Gedankens, die doch endlich
82 1279 1057 1380 einmal geſagt werden mußten, Ihnen
