1143 1432
69 92 896 173 Liebes Fräulein Liesl, der
92 193 978 263 unglaublich blöde Brief, den
95 239 1047 375 Sie mir geſchrieben haben, hat
71 326 1057 458 mich ſehr gefreut. Seien Sie brav
62 414 951 544 und lernen Sie was! Zur
50 490 944 605 Belohnung dürfen Sie dann
71 568 1050 689 auch wieder nach Berlin kommen
69 644 1083 763 und wieder einmal in meinem
63 728 1023 842 Umgang ſich fortbilden. Kohrl
69 812 1021 922 verlebt in Tirol gewiß glückliche
64 875 1052 1021 Tage, ſeit er Sie los iſt. Grüßen
95 948 970 1055 Sie Herrn Paul und ſeien
101 1039 1067 1175 Sie ſelbſt herzlichſt gegrüßt von
97 1130 669 1244 Ihrem getreuen
413 1254 1026 1372 Paul Goldmann
