3655 4623
382 968 915 1028 Wiie
979 971 1341 1031 darf
1480 978 1609 1038 ich
1683 983 1853 1043 da
1961 988 2237 1048 von
2387 987 2707 1047 Dir

330 1180 1223 1240 arnaitau
1368 1178 1683 1238 oder
1809 1172 2107 1232 grer
2206 1188 3253 1248 beanſpruchen

345 1380 667 1440 laß
786 1388 934 1448 Du
1034 1381 1596 1441 meine
1958 1378 2469 1438 ritiſche
2585 1378 2853 1438 trt
2997 1452 3258 1512 Sheit

343 1592 1022 1652 billigſt!

853 1825 1080 1885 ich
1156 1814 1410 1874 habe
1486 1807 1613 1867 es
1766 1804 2070 1864 Dir
2209 1808 2526 1868 alſo
2603 1839 3224 1899 niemals

361 2011 1197 2071 ncnaigt,
1287 2011 1582 2071 daß
1741 2013 1955 2073 Du
2125 2022 2577 2082 mich
2690 2041 3018 2101 für

353 2223 931 2283 einen
1077 2230 1733 2290 ſchlechten
1812 2219 2603 2279 Kritiker
2725 2231 3193 2291 halſt.

381 2421 632 2481 Ich
715 2430 996 2490 habe
1091 2433 2071 2493 allerdings,
2186 2428 2885 2488 wenn.

394 2650 829 2710 mit
940 2651 1254 2711 Dir
1430 2644 1847 2704 ſprach
1948 2637 2143 2697 u;
2291 2628 2615 2688 von
2754 2622 3023 2682 Dir

327 2902 599 2962 ſo
689 2877 1279 2937 manche
1448 2863 2470 2923 Anſchauung
2605 2872 3070 2932 hörte

364 3092 643 3152 die
719 3103 859 3163 ich
947 3109 1190 3169 für
1342 3112 1774 3172 falſch
1864 3105 2347 3165 haltan
2462 3096 2881 3156 muß

360 3338 658 3398 im
764 3344 1319 3404 Stillen
1522 3348 1896 3408 Gott
2108 3352 2930 3412 gedankt

345 3568 727 3628 daß
833 3580 972 3640 ich
1154 3581 1515 3641 nicht
1610 3580 1855 3640 ein
2005 3584 2951 3644 Kritiker

408 3800 1396 3860 gemorden
1536 3807 1956 3867 bii,
1993 3812 2301 3872 den
2505 3812 2757 3872 Du

477 4047 914 4107 fün
1023 4052 1292 4112 gut
1436 4054 1948 4114 halten
2046 4052 2958 4112 uüiedeſt.
