3657 4624
302 851 628 911 alle
707 878 1822 938 Dotlumente,
1900 910 2103 970 u.
2149 921 2261 981 ich
2363 932 2611 992 bin
2758 948 3039 1008 auf

352 1048 818 1108 mein
959 1087 1780 1147 Gedächteis
1912 1114 3148 1174 angemicſen.

302 1246 785 1306 Dieſes
923 1283 1786 1343 Gedachtmis
1946 1307 2268 1367 ſagt
2360 1333 2867 1393 mir,
2902 1367 3165 1427 daß

362 1443 542 1503 ich
638 1459 927 1519 mich
1023 1476 1395 1536 nach
1469 1486 1732 1546 der
1925 1518 2862 1578 Vorleſung
2960 1567 3175 1627 in

379 1668 1044 1728 Rialde
1128 1684 1278 1744 zu
1390 1705 2074 1765 Welsberg
2261 1732 2635 1792 über
2814 1747 3020 1807 die

437 1872 1117 1932 Stücke
1243 1906 1735 1966 lobend
1828 1939 2634 1999 geanſapt
2739 1980 3157 2040 habe.

394 2059 805 2119 Als
877 2086 1025 2146 ich
1126 2099 1317 2159 ſie
1376 2112 1832 2172 dann
1919 2127 2183 2187 auf
2272 2148 2579 2208 der
2727 2215 3239 2275 Bücheie

380 2299 755 2359 ſoth
799 2307 965 2367 u.
1031 2316 1297 2376 hre
1396 2345 2258 2405 Schmächen
2424 2390 2922 2450 klar

402 2522 1413 2582 arkainnte,
1492 2557 1803 2617 habe
1894 2570 2021 2630 ich
2135 2587 2480 2647 dem
2560 2627 3088 2687 Ausde
3226 2744 3293 2804 u

1552 2788 1680 2848 zei
1898 2791 2552 2851 Hritſch
461 2731 1189 2791 gegeben.
1241 2751 1308 2811 M
2880 2874 2949 2934 ¬
3181 3010 3343 3070 ſau
3056 2933 3085 2993 ¬

460 2950 881 3010 fühlt
1005 2960 1204 3020 ſich
1327 2975 1687 3035 Durch
1785 3005 2244 3065 dieſen
2319 3049 2938 3109 »Wiide
2945 3209 3194 3269 Tee
3308 3269 3342 3329 ¬

361 3182 782 3242 nicht
850 3193 1033 3253 en
1193 3209 2196 3269 mindeſten
2320 3302 3209 3362 dlaſtelſ¬

314 3397 763 3457 Dann
812 3424 1270 3484 Stücke
1361 3441 1629 3501 ſind
1740 3453 2059 3513 nicht
2148 3473 2556 3533 dazu
2666 3505 2985 3565 da,

345 3581 652 3641 im
739 3608 1276 3668 Walde
1363 3643 2250 3703 vorgelſan,
2365 3701 3111 3761 ſondn

394 3803 1235 3863 aufgefährt
1349 3828 1545 3888 zu
1628 3842 2414 3902 menden,
2469 3887 2752 3947 u.
2807 3936 3031 3996 at

411 4022 906 4082 jedet
990 4031 1244 4091 vor
1340 4046 1619 4106 der
1751 4083 2610 4143 Aufführung
2658 4107 2791 4167 al
2977 4183 3144 4243 vnl
