3744 4607
2087 613 2840 673 RLEEAURRETRASEE
2901 617 2962 677 1.

413 731 971 791 Berlin,
1009 757 1178 817 24
1261 792 1707 852 Jund?

688 1132 1219 1192 Mein
1274 1156 1625 1216 lieber
1769 1231 2412 1291 Faund,

688 1508 1101 1568 Ohabe
1144 1538 1387 1598 mich
1488 1572 1717 1632 ſehr
1788 1613 2274 1673 gefreut,
2331 1635 2446 1695 zu
2545 1638 2831 1698 dreſ,
2899 1679 3209 1739 ihren

431 1709 819 1769 daß
947 1756 1178 1816 Ihr,
1220 1772 1349 1832 Du
1435 1787 1651 1847 und
1765 1805 2167 1865 Deine
2240 1825 2656 1885 Frau,
2728 1859 3215 1919 wohlbe

477 1928 940 1988 halten
1067 1965 1565 2025 zurück
1666 2014 2450 2074 gokommen
2527 2055 2847 2115 ſeid
2948 2075 3226 2135 und

460 2102 764 2162 daß
893 2150 1197 2210 fure
1328 2187 1718 2247 Reiſe
1792 2207 1907 2267 ſo
1995 2221 2270 2281 ſchön
2385 2248 3167 2308 verlaufen

552 2356 824 2416 iſt.
911 2369 1153 2429 Und
1261 2385 1464 2445 bei
1523 2399 1717 2459 den
1901 2430 2552 2490 Rückkehr
2737 2456 3047 2516 aus

439 2563 1209 2623 Taormina
1345 2597 1628 2657 und
1696 2620 2263 2680 Pompeſi
2377 2645 2523 2705 zu
2637 2678 3124 2738 zauſe

489 2753 925 2813 mei
1074 2809 2276 2869 Alabitigen
2353 2846 2641 2906 Sche
2753 2887 3303 2947 eoge,

497 2987 1199 3047 finden,
1263 3017 1445 3077 iſt
1600 3035 1887 3095 auch
1990 3055 2302 3115 nicht
2381 3081 2769 3141 übel:

806 3225 942 3285 Ab
1021 3248 1288 3308 aucf
1370 3273 1746 3333 iem
1882 3301 2284 3361 Weg
2337 3328 2686 3388 dieſes
2765 3374 3198 3434 Jahr.

491 3441 839 3501 mas
966 3469 1356 3529 Fren
1440 3497 1878 3557 ſchren
2005 3530 2395 3590 urd
2527 3560 2653 3620 ſch
2743 3600 3350 3660 fregit

415 3631 945 3691 Tollte
994 3655 1100 3715 es
1187 3674 1409 3734 der
1496 3700 1816 3760 Fall
1883 3728 2231 3788 ſein,
2346 3751 2453 3811 ſo
2569 3773 2935 3833 wird
3023 3791 3158 3851 es

440 3820 816 3880 mir
912 3863 1511 3923 natürlich
1703 3905 2022 3965 eine
2089 3935 2544 3995 große
2611 3971 3122 4031 Freude

553 4062 912 4122 ſen
1053 4078 1341 4138 Dich
1411 4094 1770 4154 doat
1845 4149 3132 4209 wierdizuſſchen
