1213 1432
62 192 1080 339 zwar unklar, aber über Hauptmann
59 288 1078 395 wollen wir nicht mehr miteinander
61 352 1013 473 reden. Bezüglich des dritten Aktes
60 453 1053 578 von Hoffmanns Erzählungen bin ich
75 520 1047 641 ganz Ihrer Anſicht. Ich habe ihn immer
61 634 1083 715 ſie das ſchönſte gehalten, wenn auch
60 687 1047 790 die Barcarole mein Lieblingsſtück
65 764 1048 860 bleibt. Nur Arthur hat, wie Sie
68 857 1043 964 ſich erinnern werden, die ganze
84 929 1046 1066 Oper als talentloſes Machwerk
82 1036 1055 1143 bezeichnet und hat dadurch wieder
68 1097 1011 1219 bewieſen, daß er vom Theater
78 1182 513 1303 nichts verſteht.
177 1276 1047 1369 Alfred Gold, der verworrene
