3757 4588
2252 592 3004 652 RLEEAIERETRASSC

383 783 995 843 Bndin,
1016 813 1151 873 14.
1258 835 1668 895 März

527 1145 942 1205 Mein
1010 1193 1358 1253 lieber
1504 1251 2176 1311 Fraund,

422 1401 847 1461 Dein
909 1464 1294 1524 lieber
1397 1521 1844 1581 Brief,
1864 1549 2087 1609 der
2189 1564 2432 1624 mich
2637 1624 3228 1684 nenigfen

399 1604 788 1664 lich
846 1656 1236 1716 ſeinen
1318 1717 2158 1777 Schluſealſach,
2295 1799 2587 1859 ſahr
2670 1823 3101 1883 erfreut
3143 1848 3296 1908 hat

438 1833 1037 1893 trafmich
1105 1896 1671 1956 nmitten
1770 1935 2104 1995 einer
2239 1974 2873 2034 Ptürmiſch
2972 2001 3022 2061 b

382 2029 1166 2089 Fewegten
1246 2088 1536 2148 Zut.
1639 2122 2100 2182 Meine
2134 2155 2792 2215 Freundin
2862 2184 3230 2244 war

379 2188 726 2248 ans
794 2238 1451 2298 Geünden,
1470 2269 1614 2329 die
1702 2285 1846 2345 Du
1962 2304 2165 2364 Dir
2290 2332 2735 2392 denken
2822 2367 3372 2427 kannſt,

370 2397 1108 2457 anltrankl.
1161 2478 1331 2538 h
1555 2476 1748 2536 ſie
1780 2482 1951 2542 hat
2026 2504 2593 2564 längure
2646 2543 2925 2603 Zeit
2999 2576 3256 2636 hier

465 2546 721 2606 ich
805 2598 1191 2658 men
1316 2660 1917 2720 Plents
2001 2706 2512 2766 Galgeg
2643 2733 2899 2793 nd
2983 2748 3286 2808 halht

376 2781 654 2841 iſt
736 2801 889 2861 ſie
983 2822 1239 2882 noch
1322 2848 1600 2908 recht
1682 2885 2196 2945 leidend
2299 2919 2546 2979 und
2648 2945 3153 3005 immer

362 2975 735 3035 noch
810 3016 1237 3076 hier:
1280 3035 1407 3095 Ich
1493 3048 1718 3108 hln
1781 3063 2059 3123 viel
2134 3105 3190 3165 Anfengungen

420 3163 688 3223 uns
768 3220 2137 3280 Sagarduchgemacht
2217 3287 2512 3347 und
2595 3307 2701 3367 ſo
2781 3335 3345 3395 lommt

1183 3271 1226 3331 .

494 3338 625 3398 es
717 3369 984 3429 ach
1071 3396 1250 3456 Fir
1294 3424 1783 3484 dene
1870 3457 2272 3517 Buch
2359 3480 2539 3540 der
2626 3496 2762 3556 ch
2892 3529 3338 3589 man

449 3526 660 3586 ch
719 3576 1413 3636 deinrem
1505 3620 2139 3680 Weuunſche
2169 3652 2503 3712 hätte
2592 3684 2803 3744 auh
2892 3736 3285 3796 falgen

446 3733 1122 3793 köinen
1212 3786 1582 3846 ſchet
1642 3833 2537 3893 brantwaket
2658 3878 2967 3938 hält
3088 3904 3334 3964 Dur

424 3939 721 3999 erſt
790 3960 1067 4020 heute
1127 3984 1632 4044 danken
1711 4008 1859 4068 ko

726 4102 970 4162 Ich
1063 4160 1787 4220 unterlaſſe
1833 4178 1926 4238 es
2009 4184 2253 4244 auf
2371 4193 2615 4253 das
2719 4219 3326 4279 Einzelne
