3748 4627
449 518 815 578 den
893 547 1272 607 Dinch
1350 596 2331 656 Größengafühl
2396 630 2697 690 und
2764 645 3351 705 Selbſtge

481 725 1276 785 fülligkeit
1385 758 1809 818 jeden
1907 782 2528 842 Arteils
2604 830 3388 890 beraubten

464 915 1152 975 Rluti.
1205 937 1597 997 Jeder
1666 952 2085 1012 richig
2155 964 2356 1024 u.
2434 987 3114 1047 Objakſirt

452 1099 1452 1159 lvtailende
1560 1115 1953 1175 wird
2068 1122 2390 1182 auch
2515 1145 3105 1205 finden,
3122 1180 3274 1240 da

442 1270 1048 1330 meine
1163 1281 1683 1341 ſpätere
1799 1303 2481 1363 Öffantliche
2607 1345 3184 1405 Kritik

452 1442 921 1502 nichts
1016 1446 1188 1506 iſt
1262 1454 1508 1514 als
1625 1465 1796 1525 die
1870 1495 2873 1555 Ausführung
2947 1526 3225 1586 der

416 1630 589 1690 i
748 1620 990 1680 den
1093 1625 1633 1685 Briefen
1737 1650 2345 1710 bereils
2506 1678 2908 1738 kus

445 1823 1514 1883 formlirten
1607 1835 2519 1895 Bedenken.
2572 1893 3152 1953 Jedeg¬

507 1982 577 2042 a
735 1989 1323 2049 ebjektie
1463 2026 2394 2086 Arteilende
2587 2083 3194 2143 vied?

455 2153 1075 2213 weiter
1234 2193 1794 2253 finden,
1878 2214 2145 2274 daß
2256 2227 2390 2287 in
2474 2252 3022 2312 Dieſen

437 2355 1144 2415 Briefen
1250 2379 1486 2439 ein
1627 2397 2218 2457 Freund
2335 2423 2678 2483 dem
2760 2463 3302 2523 Freund

476 2518 750 2578 Die
839 2548 1451 2608 Wahrheit
1601 2601 2000 2661 ſolgt,
2025 2628 2275 2688 Ob,
2338 2649 2613 2709 daß
2737 2664 3012 2724 der

467 2721 1120 2781 Fraund
1269 2771 1644 2831 aber
1792 2831 2677 2891 gleichzeitiig
2726 2896 3314 2956 boſtrebt

469 2924 770 2984 iſt,
803 2933 1116 2993 dem
1238 2961 1864 3021 Freunde
2008 3005 2332 3065 nicht
2467 3057 3058 3117 wehzut

477 3102 738 3162 u.
777 3122 1012 3182 daß
1115 3138 1259 3198 er
1403 3170 2030 3230 darum,
2069 3208 2486 3268 damit
2538 3239 2760 3299 der
2851 3283 3255 3343 Tandel

462 3233 3394 3619 den er auſzuſprechen ſich genötigt ſieht,
481 3471 586 3531 m
735 3502 851 3562 un
945 3519 1062 3579 ja
1178 3537 1485 3597 nicht
1602 3560 2110 3620 verlik
2365 3622 3083 3682 verletze

642 3699 776 3759 I
975 3718 1219 3778 das
1307 3744 1663 3804 Lob,
1706 3767 1995 3827 das
2073 3776 2217 3836 er
2480 3848 3036 3908 Hende.

502 3901 1084 3961 Ninn,
1151 3931 1340 3991 in
1474 3966 2177 4026 möglichſt
2286 4036 3015 4096 ſtarken

519 4134 1634 4194 Ausorinkeu
1822 4218 2871 4278 forilirt
