1141 1434
655 151 965 215 Dessauerstrasse 19
59 176 428 289 Berlin, 9. März.
199 318 772 439 Liebes Fräulein Olga,
84 435 907 551 Dr. Schnitzlers Stück kam infolge
69 517 1079 621 unzureichender Darſtellung nicht zur rechten
75 560 1069 688 Wirkung. Auch hatte man die Unverſchämtheit
62 616 1025 775 und Taktloſigkeit, es ganz zuletzt, um 1/2 1/2 11
75 703 1045 827 Uhr Abends, nachdem das Publikum bereits
52 762 1019 865 durch ein überlanges Programm ermüdet
70 820 455 900 war, aufzuführen.
175 936 1002 1041 Dr. Schnitzlers Anweſenheit hX thut
58 988 1012 1113 mir ſehr wohl, und ich werde mich nachher
55 1054 782 1172 nur umſo einſamer fühlen.
165 1125 1076 1290 Ich gratulire Ihnen zu ihren ſchauſpieleriſchen
91 1212 936 1318 Erfolgen, von denen Sie mir mit ſo
62 1305 978 1387 überzeugender Beredſamkeit berichten.
