1079 1617
773 149 939 217 Reuterweg 59.
96 130 624 246 Frankfurt, 28. December.
217 282 718 371 Liebes Fräulein Olga,
154 366 979 464 Ihr neues Briefgapier, das Herr Paul
111 433 966 536 Ihnen geſchenkt hat, iſt ſehr ſchön, und
107 530 909 611 über Ihren Erfolg habe ich mich ſehr
107 586 860 680 gefreut. Ich habe es nicht anders
87 665 982 755 erwartet, und ich meine, Sie ſind auf
104 739 863 816 dem Wege, etwas Großes zu
109 807 940 887 werden. Laſſen Sie ſich von Herzen
94 884 948 964 beglückwünſchen! Die große Dummheit,
80 949 916 1045 die gewiſſe Leute gemacht haben, die ich
78 1039 963 1112 näher kenne, – die Dummheit nämlich,
78 1097 961 1188 dem Ehrgeiz allzuſehr nachzugeben und
77 1171 997 1259 über dem Streben das Leben zu vergeſſen
140 1248 979 1329 – werden Sie ja wohl vermeiden. Und
109 1303 969 1412 ſo iſt Alles gut. Ich bin zu Weihnachten
91 1417 959 1488 in Frankfurt bei Schweſter, Schwager
