1145 1434
646 150 952 209 Dessauerstrasse 19
52 155 437 276 Berlin, 1. April.
188 284 798 376 Liebes Fräulein Olga,
74 396 1011 548 Endlich einmal eine freie Stunde, nach
70 481 1039 609 arbeitsſchweren Tagen. Heut will ich erſt
62 534 1024 655 Ihren lieben Brief beantworten. Das
70 628 1028 731 Schweſterchen kommt nächſtens an die
75 695 224 765 Reihe.
184 756 1026 871 Dieſer Ihr Brief war alſo ſehr ſchön.
72 828 1024 924 Ich ſage ihnen, es thut wohl, ein wenig
71 888 1042 984 geſtreichelt zu werden, – namentlich wenn
60 950 1024 1050 man in dieſer Beziehung gar nicht, aber
68 1021 1051 1120 auch ſchon gar nicht verwöhnt iſt. Und doch,
68 1108 1009 1179 er kam ein wenig zu ſpät, dieſer Brief.
62 1164 1065 1272 Ich merke gar zu deutlich, daß mein lieber
52 1235 1016 1330 Freund Arthur hinter den Couliſſen die
98 1306 1068 1376 Regie führt. Ich habe ſchon aus den Wien
89 70 1084 175 Herzliche Grüße an Sie Beide und an Herrn Paul!
