3759 4637
355 479 939 539 Urtail
1033 490 1355 550 Aber
1526 494 1751 554 ein
1864 499 2298 559 Stück
2488 522 3016 582 Mour

331 674 1006 734 uuiinn
1209 677 1526 737 nur
1662 677 1878 737 ein
2053 683 2587 743 Urtuuil
2736 706 3027 766 mit

373 850 1171 910 Vorbehret
1316 850 1693 910 ſein,
1759 853 2293 913 Wenn
2403 865 2559 925 ich
2703 886 3059 946 nach

321 1029 733 1089 der
817 1046 1758 1106 Aufführung
1821 1055 2202 1115 über
2339 1082 2615 1142 die
2688 1126 2963 1186 »Is
3083 1275 3227 1335 aul

398 1235 1293 1295 Stunden«
1369 1264 2244 1324 ungenſtig
2383 1332 3141 1392 genteilf

387 1424 939 1484 haben
1068 1442 1671 1502 würde
1787 1466 2043 1526 u.
2121 1482 2391 1542 die
2532 1499 2609 1559 I

379 1620 1114 1680 wären
1211 1639 1541 1699 doch
1616 1652 2032 1712 gut,
2138 1675 2555 1735 hätte
2651 1702 2801 1762 ich
2951 1733 3142 1793 das

353 1839 1224 1899 Kritiker
1396 1858 2005 1918 gefehlt.
2086 1873 2309 1933 Da
2461 1891 2603 1951 ich
2746 1915 2968 1975 die

379 2016 961 2076 Sücke
1038 2040 1383 2100 aber
1523 2065 1901 2125 nach
2010 2091 2355 2151 wie
2495 2117 2755 2177 vor
2884 2146 3218 2206 nicht

380 2242 784 2302 für
851 2255 1088 2315 gut
1205 2271 1576 2331 halte
1744 2302 2167 2362 (von
2301 2368 3126 2428 manchen

308 2518 1345 2578 Aualitaten
1475 2532 2333 2592 abgeſehen,
2505 2568 3026 2628 beinlche

319 2704 582 2764 die
650 2723 1147 2783 erſten
1254 2750 1762 2810 haben,
1810 2768 1986 2828 u.
2074 2802 2922 2862 abgeſhen

387 2949 760 3009 auch
837 2960 1120 3020 von
1184 2975 1505 3035 dem
1659 2996 1916 3056 ſahr
2057 3033 2803 3093 hübſchan

494 3213 1461 3273 Einkter,
1611 3279 2570 3339 Litanahio«
2836 3353 3126 3413 Dal

363 3431 1137 3491 übenlies
1249 3461 1445 3521 ihr
1545 3502 2246 3562 geringen
2472 3586 2978 3646 Erfolg

389 3627 696 3687 auf
779 3658 1019 3718 der
1228 3710 1858 3770 Bühne«
1941 3759 2515 3819 menn
2711 3800 2935 3860 da

383 3872 628 3932 in
713 3901 1301 3961 meiner
1515 3975 2509 4035 Beſprachung
2647 4026 2893 4086 an
3052 4113 3161 4173 de

569 4158 1217 4218 trochene
1401 4179 2150 4239 Urtuid,
2325 4220 3024 4280 baſtätig
