3748 4627
339 504 550 564 die
618 532 1923 592 »Bemeisſtücke«
2012 582 2492 642 gegen
2658 629 2871 689 in

350 691 703 751 Dies
767 693 927 753 die
1007 714 1808 774 Dolluaent
1944 764 2385 824 gegen

355 894 791 954 Ehre!
863 895 1227 955 Denn
1311 906 1434 966 es
1487 914 1632 974 iſt
1695 928 1944 988 Dir
2048 961 2671 1021 fichnrlich

354 1034 775 1094 klar
845 1065 1657 1125 gewoden,
1707 1098 1966 1158 daß
2097 1119 2197 1179 es
2318 1139 2498 1199 ſich

332 1200 772 1260 um
832 1234 1261 1294 meine
1331 1256 1612 1316 Ehre
1691 1280 2281 1340 handelt,
2341 1303 2412 1363 –
2461 1320 2741 1380 daß
2861 1353 3051 1413 Du

374 1393 996 1453 meine
1118 1430 1425 1490 Ehre
1516 1464 2373 1524 amgreifſt,
2455 1519 2956 1579 undem
3048 1575 3241 1635 Du

397 1567 828 1627 mich
885 1587 1128 1647 als
1200 1613 1616 1673 einen
1732 1670 2449 1730 Menſchen
2566 1756 3254 1816 hinſtallſt

348 1742 681 1802 der
801 1785 1349 1845 heiimlich
1409 1818 1777 1878 lolt
1837 1840 2017 1900 u.
2110 1884 2808 1944 Ihenklich
2898 1956 3202 2016 toid

349 1939 659 1999 der
749 1958 892 2018 in
1047 1991 1616 2051 ſeinen
1797 2048 2405 2108 Briefen
2508 2100 2884 2160 dem

295 2139 1036 2199 Freunde
1127 2197 2005 2257 ſchmenhalt,
2051 2242 2267 2302 u.
2301 2259 2460 2319 ihn
2609 2297 3167 2357 Dann

356 2320 1086 2380 Dffautlich
1140 2350 1206 2410 –
1347 2378 1653 2438 noch
1707 2419 2230 2479 dazu,
2296 2458 2633 2518 wuie
2786 2478 3004 2538 Du

373 2523 950 2583 mencht
1007 2561 1328 2621 mit
1440 2589 1906 2649 einem
2018 2631 2989 2691 Cſonderan

396 2741 1377 2801 vergnügen
1435 2767 1486 2827 –
1577 2800 2966 2860 herntirreißt.

819 2995 1265 3055 Das
1341 3010 1615 3070 alſo
1793 3034 2418 3094 maren
2617 3049 2857 3109 die

316 3170 1339 3230 Dokmmanhe!
1447 3196 1643 3256 Ich
1732 3208 1999 3268 las
2097 3222 2328 3282 die
2400 3245 2845 3305 Briefe
2953 3279 3130 3339 u.

358 3349 943 3409 fand,
983 3355 1231 3415 daß
1361 3365 1489 3425 ich
1599 3385 2125 3445 darin
2253 3417 2572 3477 mit
2700 3454 3157 3514 aller

343 3542 1288 3602 Deuklichkeit
1442 3563 1944 3623 ſtarkte
2108 3597 2908 3657 Bedenken

369 3710 838 3770 gegen
965 3722 1316 3782 Dein
1444 3740 1903 3800 Weck
2098 3789 3056 3849 formlirt

342 3886 870 3946 hatte,
907 3901 1000 3961 –
1074 3914 1390 3974 mit
1482 3938 1909 3998 aller
2058 3988 3031 4048 Dentlichkeit

397 4100 778 4160 für
897 4128 1844 4188 Jedermonn
1974 4161 2529 4221 außer
2681 4185 2953 4245 füg
