1210 1438
132 110 1103 252 und Sie dürfen bei Josty einen ganzen
144 200 1135 330 Tag lang Indianerkrapfen mit Schlagobers
139 271 263 348 eſſen.
252 349 1128 461 Im Theater erleben wir allerlei Gutes:
149 403 1072 530 Tolstois »Macht der Finſterniß«, Hebbel’s
146 482 1055 606 herrliche »Agnes Bernauer«, ein wenig
150 545 542 647 Aristophanes etc.
249 645 1102 752 Wenn Sie unſeren lieben Dr. Arthur
134 663 1120 804 Schnitzler ſehen, ſo ſagen Sie ihm: 1.) daß
148 782 1082 878 er mir eine Ewigkeit nicht geſchrieben
164 827 1036 945 hat und daß dies eine Infamie iſt
140 899 1105 1010 2.) daß Alfred Klaar, der ehemalige Kritiker
140 961 1113 1070 der »Bohemia«, ein Schmock in Reincultur,
135 1045 1089 1144 der ödeſte und blödeſte Schwätzer der
148 1076 1095 1200 Jetztzeit, Theaterkritiker und Feuilleton-¬
146 1163 1126 1297 Redakteur der »Voſſiſchen Zeitung« geworden
127 1225 1123 1339 iſt. Auch ich hatte mich für die Stelle gemeldet,
