1213 1448
211 125 1135 276 Über Salten bin ich ganz Ihrer
127 222 349 349 Anſicht.
219 327 1151 420 Ob ich einen Theil des Sommers mit
120 399 1076 529 Ihnen verbringen werde, weiß ich
113 484 1084 591 noch nicht. Ich hätte Luſt, mich in ein
124 545 1131 673 ſehr wildes Land ſchicken zu laſſen,
105 643 681 738 weit, weit weg.
206 690 1063 799 Daß ihre Schweſter Liesl meinen
130 789 1097 881 Brief noch immer nicht beantwortet
134 835 1024 933 hat, iſt ganz einfach empörend.
133 944 1083 1036 Sagen Sie, bitte, dieſem jungen
124 989 1131 1115 Geſchöpf, daß ich ſie zur Erbin meines
109 1079 1103 1209 ungeheuren Vermögens eingeſetzt
152 1184 1110 1289 hatte, daß ich ſie aber infolge ihres
134 1249 1091 1364 pietätloſen Verhaltens wieder
