<?xml version="1.0" encoding="UTF-8" standalone="yes"?>
<PcGts xmlns="http://schema.primaresearch.org/PAGE/gts/pagecontent/2013-07-15" xmlns:xsi="http://www.w3.org/2001/XMLSchema-instance" xsi:schemaLocation="http://schema.primaresearch.org/PAGE/gts/pagecontent/2013-07-15 http://schema.primaresearch.org/PAGE/gts/pagecontent/2013-07-15/pagecontent.xsd">
    <Metadata>
        <Creator>prov=READ-COOP:name=PyLaia@TranskribusPlatform:version=2.3.0:model_id=49503:lm=provided:date=07_09_2023_08:46</Creator>
        <Created>2022-04-04T16:20:58.252+02:00</Created>
        <LastChange>2023-09-21T15:42:10.036+02:00</LastChange>
        <TranskribusMetadata docId="962551" pageId="37299368" pageNr="23" tsid="135436507" status="IN_PROGRESS" userId="64420" imgUrl="https://files.transkribus.eu/Get?id=FBHSTNYNLOSEPQHSQKWFEGUA&amp;fileType=view" xmlUrl="https://files.transkribus.eu/Get?id=YAVZNQUZSTOGNATRNPRNXFGY" imageId="30076409"/>
    </Metadata>
    <Page imageFilename="DLA_PG-an-Olga_00023 DLA_85.1.5247_00018-1.jpg" imageWidth="1212" imageHeight="1449">
        <ReadingOrder>
            <OrderedGroup id="ro_1700640285828" caption="Regions reading order">
                <RegionRefIndexed index="0" regionRef="TextRegion_1695038246885_375"/>
            </OrderedGroup>
        </ReadingOrder>
        <TextRegion id="TextRegion_1695038246885_375" custom="readingOrder {index:0;}">
            <Coords points="8,100 1132,100 1144,828 1144,1380 152,1380 8,880"/>
            <TextLine id="tr_1_tl_1" custom="readingOrder {index:0;}">
                <Coords points="155,189 345,169 448,228 542,180 765,189 904,236 1054,210 1051,176 922,144 309,151 232,97 150,106"/>
                <Baseline points="160,150 190,154 220,160 250,162 280,164 310,168 340,170 370,170 400,172 430,172 460,172 490,172 520,174 550,176 580,176 610,180 640,182 670,182 700,184 730,186 760,186 790,186 820,186 850,188 880,190 910,194 940,196 970,200 1000,202 1030,204 1079,215"/>
                <TextEquiv>
                    <Unicode>gehen. Denn ich will ruhig ſitzen,</Unicode>
                </TextEquiv>
            </TextLine>
            <TextLine id="tr_1_tl_2" custom="readingOrder {index:1;}">
                <Coords points="154,300 266,248 515,252 716,268 768,310 811,276 936,283 1033,326 1130,318 1125,236 961,253 772,189 711,230 540,199 469,235 245,200 149,223"/>
                <Baseline points="156,236 186,238 216,244 246,246 276,246 306,248 336,248 366,250 396,250 426,250 456,250 486,252 516,252 546,252 576,254 606,256 636,258 666,262 696,264 726,268 756,270 786,272 816,274 846,274 876,278 906,278 936,282 966,284 996,288 1026,294 1056,298 1086,302 1116,308 1132,310"/>
                <TextEquiv>
                    <Unicode>mich von der Sonne beſcheinen laſſen</Unicode>
                </TextEquiv>
            </TextLine>
            <TextLine id="tr_1_tl_3" custom="readingOrder {index:2;}">
                <Coords points="144,326 1054,381 1050,326 974,300 833,338 712,294 457,297 365,263 143,303"/>
                <Baseline points="150,314 180,316 210,318 240,320 270,322 300,322 330,322 360,324 390,326 420,328 450,330 480,330 510,332 540,334 570,336 600,336 630,340 660,342 690,344 720,346 750,350 780,352 810,354 840,354 870,356 900,356 930,358 960,360 990,362 1020,366 1050,370 1056,370"/>
                <TextEquiv>
                    <Unicode>und kalt baden. Herumreiſen</Unicode>
                </TextEquiv>
            </TextLine>
            <TextLine id="tr_1_tl_5" custom="readingOrder {index:3;}">
                <Coords points="140,421 312,461 361,415 439,462 504,413 858,473 937,441 1077,463 1043,406 911,428 722,376 285,387 186,344 138,371"/>
                <Baseline points="146,398 176,398 206,400 236,404 266,406 296,406 326,406 356,408 386,410 416,410 446,410 476,412 506,414 536,416 566,418 596,418 626,420 656,422 686,424 716,424 746,428 776,432 806,434 836,436 866,436 896,440 926,440 956,442 986,446 1016,450 1046,452 1076,458 1080,458"/>
                <TextEquiv>
                    <Unicode>kann ich nicht – vor Allem, weil</Unicode>
                </TextEquiv>
            </TextLine>
            <TextLine id="tr_1_tl_7" custom="readingOrder {index:4;}">
                <Coords points="158,523 267,488 392,536 472,501 539,546 673,508 1090,561 1085,498 824,499 735,452 154,461"/>
                <Baseline points="162,478 192,480 222,482 252,484 282,486 312,488 342,490 372,492 402,496 432,496 462,496 492,498 522,500 552,502 582,504 612,506 642,508 672,508 702,510 732,514 762,514 792,516 822,518 852,520 882,522 912,526 942,528 972,530 1002,534 1032,536 1062,538 1092,542"/>
                <TextEquiv>
                    <Unicode>ich kein Geld habe. Wenn wir</Unicode>
                </TextEquiv>
            </TextLine>
            <TextLine id="tr_1_tl_9" custom="readingOrder {index:5;}">
                <Coords points="161,580 247,562 420,619 722,596 921,648 1035,628 1030,565 976,555 828,591 731,551 564,564 474,520 400,541 218,500 158,537"/>
                <Baseline points="166,556 196,558 226,558 256,560 286,564 316,566 346,570 376,574 406,576 436,580 466,582 496,582 526,584 556,584 586,586 616,588 646,590 676,590 706,592 736,596 766,598 796,602 826,604 856,608 886,610 916,616 946,620 976,622 1006,624 1036,626 1038,626"/>
                <TextEquiv>
                    <Unicode>uns alſo ſehen wollen, müſſen,</Unicode>
                </TextEquiv>
            </TextLine>
            <TextLine id="tr_1_tl_10" custom="readingOrder {index:6;} place {offset:18; length:10;}">
                <Coords points="159,644 254,655 319,706 374,653 449,650 911,717 1012,706 1008,655 791,654 736,621 552,638 370,588 282,623 155,602"/>
                <Baseline points="164,630 194,632 224,634 254,636 284,638 314,640 344,644 374,646 404,650 434,650 464,650 494,652 524,654 554,654 584,658 614,660 644,664 674,668 704,670 734,672 764,674 794,676 824,680 854,682 884,684 914,688 944,690 974,694 1004,700 1014,698"/>
                <TextEquiv>
                    <Unicode>Sie auch nach dem Wörtherſee</Unicode>
                </TextEquiv>
            </TextLine>
            <TextLine id="tr_1_tl_11" custom="readingOrder {index:7;}">
                <Coords points="158,720 353,761 756,753 1036,847 1107,816 1099,720 613,714 555,670 457,719 210,660 155,683"/>
                <Baseline points="164,710 194,712 224,714 254,716 284,720 314,724 344,726 374,730 404,730 434,732 464,732 494,730 524,730 554,732 584,734 614,738 644,742 674,746 704,748 734,752 764,754 794,756 824,758 854,758 884,764 914,768 944,776 974,780 1004,786 1034,792 1064,804 1094,808 1108,810"/>
                <TextEquiv>
                    <Unicode>kommen. Kommen Sie nicht, ſo ſehe</Unicode>
                </TextEquiv>
            </TextLine>
            <TextLine id="tr_1_tl_12" custom="readingOrder {index:8;}">
                <Coords points="143,843 195,806 313,865 585,886 680,827 883,850 984,910 1086,874 1082,828 1015,849 696,784 654,809 390,744 137,777"/>
                <Baseline points="144,790 174,792 204,794 234,796 264,798 294,802 324,804 354,806 384,808 414,808 444,810 474,810 504,812 534,814 564,816 594,818 624,820 654,824 684,828 714,832 744,836 774,838 804,844 834,844 864,848 894,850 924,854 954,858 984,862 1014,864 1044,868 1074,870 1088,870"/>
                <TextEquiv>
                    <Unicode>ich Sie hoffentlich auf der Rückreiſe</Unicode>
                </TextEquiv>
            </TextLine>
            <TextLine id="tr_2_tl_1" custom="readingOrder {index:9;} place {offset:3; length:4;}">
                <Coords points="153,880 273,907 325,890 382,904 428,899 431,873 407,861 390,870 320,868 279,840 226,859 151,865"/>
                <Baseline points="160,878 190,882 220,884 250,888 280,888 310,888 340,890 370,892 400,892 639,903 434,894"/>
                <TextEquiv>
                    <Unicode>in Wien.....</Unicode>
                </TextEquiv>
            </TextLine>
            <TextLine id="tr_2_tl_2" custom="readingOrder {index:10;} structure {type:paragraph;}">
                <Coords points="254,974 1030,1039 1044,983 868,955 758,986 612,910 549,940 251,920"/>
                <Baseline points="260,966 290,968 320,970 350,974 380,976 410,980 440,984 470,988 500,986 530,988 560,988 590,990 620,992 650,994 680,996 710,998 740,1002 770,1004 800,1006 830,1006 860,1010 890,1010 920,1012 950,1014 980,1016 1010,1020 1040,1024 1048,1026"/>
                <TextEquiv>
                    <Unicode>Liebes Fräulein und liebe</Unicode>
                </TextEquiv>
            </TextLine>
            <TextLine id="tr_2_tl_3" custom="readingOrder {index:11;}">
                <Coords points="148,1050 638,1075 732,1120 780,1092 876,1128 1099,1112 1094,1064 142,987"/>
                <Baseline points="152,1032 182,1034 212,1036 242,1040 272,1042 302,1044 332,1048 362,1050 392,1052 422,1058 452,1060 482,1064 512,1066 542,1068 572,1070 602,1072 632,1074 662,1076 692,1078 722,1082 752,1086 782,1088 812,1090 842,1092 872,1096 902,1098 932,1100 962,1102 992,1104 1022,1104 1052,1106 1082,1112 1100,1114"/>
                <TextEquiv>
                    <Unicode>Freundin, ich danke Ihnen für alle</Unicode>
                </TextEquiv>
            </TextLine>
            <TextLine id="tr_2_tl_4" custom="readingOrder {index:12;}">
                <Coords points="148,1135 1141,1199 1137,1153 588,1137 452,1071 369,1123 143,1070"/>
                <Baseline points="152,1102 182,1108 212,1114 242,1122 272,1126 302,1130 332,1132 362,1136 392,1138 422,1138 452,1140 482,1142 512,1146 542,1148 572,1152 602,1154 632,1156 662,1158 692,1160 722,1162 752,1162 782,1164 812,1164 842,1166 872,1166 902,1170 932,1172 962,1174 992,1178 1022,1180 1052,1182 1082,1188 1112,1190 1142,1194 1144,1194"/>
                <TextEquiv>
                    <Unicode>die guten Worte, mit denen Sie mir</Unicode>
                </TextEquiv>
            </TextLine>
            <TextLine id="tr_2_tl_5" custom="readingOrder {index:13;}">
                <Coords points="163,1238 261,1226 335,1261 439,1225 570,1277 616,1242 837,1251 950,1290 1039,1267 1035,1224 993,1214 686,1223 524,1183 470,1210 281,1152 236,1182 158,1162"/>
                <Baseline points="166,1192 196,1194 226,1200 256,1206 286,1210 316,1214 346,1216 376,1218 406,1220 436,1222 466,1224 496,1226 526,1230 556,1234 586,1238 616,1242 646,1244 676,1248 706,1250 736,1250 766,1250 796,1250 826,1250 856,1252 886,1250 916,1252 946,1252 976,1254 1006,1258 1036,1264 1042,1262"/>
                <TextEquiv>
                    <Unicode>zuſprechen. Sie haben mir wohl</Unicode>
                </TextEquiv>
            </TextLine>
            <TextLine id="tr_2_tl_6" custom="readingOrder {index:14;}">
                <Coords points="155,1314 443,1312 500,1358 611,1331 816,1395 968,1354 1122,1379 1132,1314 752,1297 699,1261 627,1298 149,1254"/>
                <Baseline points="158,1284 188,1284 218,1288 248,1292 278,1294 308,1298 338,1298 368,1302 398,1302 428,1302 458,1304 488,1306 518,1308 548,1312 578,1314 608,1318 638,1322 668,1324 698,1326 728,1330 758,1334 788,1336 818,1336 848,1338 878,1340 908,1344 938,1344 968,1350 998,1352 1028,1354 1058,1360 1088,1364 1118,1368 1140,1370"/>
                <TextEquiv>
                    <Unicode>gethan, denn ich bin fürchterlich herunter.</Unicode>
                </TextEquiv>
            </TextLine>
            <TextEquiv>
                <Unicode>gehen. Denn ich will ruhig ſitzen,
mich von der Sonne beſcheinen laſſen
und kalt baden. Herumreiſen
kann ich nicht – vor Allem, weil
ich kein Geld habe. Wenn wir
uns alſo ſehen wollen, müſſen,
Sie auch nach dem Wörtherſee
kommen. Kommen Sie nicht, ſo ſehe
ich Sie hoffentlich auf der Rückreiſe
in Wien.....
Liebes Fräulein und liebe
Freundin, ich danke Ihnen für alle
die guten Worte, mit denen Sie mir
zuſprechen. Sie haben mir wohl
gethan, denn ich bin fürchterlich herunter.</Unicode>
            </TextEquiv>
        </TextRegion>
    </Page>
</PcGts>
