3661 4622
1122 437 1635 497 Fahler
1761 464 2213 524 uuter
2296 498 3051 558 deneiue
317 407 602 467 Dir
706 436 1061 496 große
3078 552 3227 612 bin

333 587 822 647 Anſicht
926 608 1388 668 nach,
1416 614 1717 674 dem
1868 623 2255 683 Stück
2414 658 2970 718 leidet
3150 780 3361 840 Rue

341 751 544 811 in
624 768 1213 828 meinen
1293 782 1803 842 Briefen
1938 805 2346 865 klar
2516 872 3127 932 gilan

394 935 1072 995 zeichnet.
1191 951 1385 1011 Du
1503 963 1761 1023 haſt
1858 992 2504 1052 dauiber
2655 1065 3022 1125 heine

424 1118 1021 1178 geloſen
1088 1132 1257 1192 u;
1357 1143 1595 1203 von
1696 1171 2339 1231 meinen
2473 1246 3070 1306 Brigfen

376 1295 759 1355 nin
877 1318 1528 1378 behalten,
1591 1343 1847 1403 daß
1986 1365 2114 1425 ich
2232 1391 2562 1451 Dich
2690 1434 2967 1494 mit

383 1510 1334 1570 Gridlparzer
1511 1557 2293 1617 vönglichen
2454 1608 2836 1668 habe.
2898 1626 3111 1686 Du

343 1689 572 1749 iſt
637 1713 1512 1773 bazeichnend
1621 1740 1686 1800 –
1850 1762 2200 1822 abr
2396 1804 2713 1864 nicht
2822 1846 3095 1906 füg

348 1889 802 1949 mich,
927 1934 1497 1994 ſondern
1634 1960 1894 2020 für
2031 1975 2361 2035 Dich.

806 2144 1138 2204 Di
1174 2201 1841 2261 mmane
1950 2257 2581 2317 Briefen
2726 2319 3058 2379 halt
3099 2360 3244 2420 ich

440 2338 766 2398 Dich
863 2378 1355 2438 gelot.
1419 2411 1842 2471 Slad
1907 2434 2104 2494 in
2269 2487 3051 2547 inemei

368 2579 1244 2639 Kritik:
1348 2622 1536 2682 In
1610 2654 2277 2714 meinen
2370 2684 2924 2744 Briefen

413 2746 888 2806 ſtoht:
932 2812 1349 2872 »Seil
1452 2861 2343 2921 Grillparzer
2463 2890 2671 2950 hat
2818 2922 3220 2982 man

453 2940 751 3000 alſ
824 2980 1159 3040 am
1311 3032 1980 3092 Wdener
2095 3083 2691 3143 Ghraten
2838 3130 3141 3190 ſolhe

531 3179 1054 3239 Morſe
1168 3214 1487 3274 richt
1573 3244 2124 3304 gehört!
2243 3277 2414 3337 Iu
2533 3330 3199 3390 menns

364 3389 1086 3449 Kritik.
1310 3451 1555 3511 In
1648 3465 1928 3525 der
2097 3488 2646 3548 Fouiu
2748 3529 3036 3589 wie¬
3042 3680 3164 3740 Dich

413 3603 904 3663 zeigt
1061 3692 1898 3752 Schnitzler
2045 3726 2251 3786 ſich
2291 3734 2536 3794 als
2675 3746 2910 3806 ein

424 3859 1255 3919 müdiger
1387 3903 1990 3963 Schüber
2085 3922 2392 3982 der
2540 3964 3156 4024 Meiſter

598 4088 960 4148 der
1112 4133 2035 4193 Klaſſiken),
2080 4162 2564 4222 denn
