1213 1447
44 193 990 306 den Eindruck mitgebracht, X daß Sie
60 281 1023 357 auf mich nur aufmerkſam geworden
60 319 1014 431 ſind, weil ich Ihnen an der Seite dieſes
53 407 1044 492 meines lieben Freundes erſchienen bin.
52 472 1059 578 Sonſt wären Sie wahrſcheinlich an mir
71 544 995 639 vorübergegangen, ohne mich zu ſehen.
60 595 1039 747 Ihre Briefe haben mir die Wahrnehmung
61 678 976 795 beſtätigt. Natürlich werden Sie jetzt
53 750 1017 872 proteſtiren. Aber, glauben Sie mir, ich
57 826 965 923 kenne ſo gut den Ton, den Diejenigen
62 880 1046 992 annehmen, die Einen verkennen. Ich höre
58 956 955 1051 ihn mit ſcharfem Ohr ſelbſt aus der
55 1034 1074 1129 Freundſchaft heraus. Ich bin ein Fachmann
66 1091 587 1167 in Verkanntwerden.
167 1156 1065 1256 Und da ich müde bin, immer wieder
70 1201 979 1341 das ſelbe zu erleben, ſelbſt bei den ganz
83 1278 1016 1375 Klugen (es gibt kluge Frauen, die doch
