1139 1428
74 66 1070 178 finden, ſo wiſſen Sie wohl nicht, was
56 136 1038 237 perſönliche Angriffe ſind. Meine
65 214 1063 289 Einwendungen ſind einer abſolut
54 276 994 390 ſachlichen Art; und wenn ſie im
65 336 1055 450 heftigen Tone vorgebracht werden,
74 414 1069 528 ſo kommt dieſer Ton von meinem
61 490 1018 584 Temperament, – ſo kommt er von
52 547 1079 650 der Erbitterung her, die mich erfüllt,
50 625 1005 749 einen ſo minderwerthigen Geiſt,
56 676 1077 820 wie Gerhart Hauptmann, zum großen
54 747 1024 867 Dichter erhoben zu ſehen. Und daß
63 811 992 930 Sie mir die Erbitterung nicht
68 880 1010 964 glauben wollen, daß Sie nach
52 951 1069 1042 perſönlichen Motiven ſuchen, – Sie,
61 1014 1074 1151 eine Freundin, – das hat mich verblüfft,
54 1078 1074 1194 das hat mich ſchwer gekränkt.....
113 1161 1068 1257 Grüßen Sie, bitte, Liesl; und ſeien Sie
69 1224 1081 1353 ſammt Arthur herzlichſt gegrüßt von
216 1300 992 1384 Ihrem Paul Goldmann
