1210 1438
52 173 950 265 ſowohl, wie dem Fräulein Liesl.
186 271 1038 359 Inzwiſchen war Dr. Schnitzler in
51 322 1025 427 Wien Berlin und hat mir Mancherlei
51 377 1070 512 über die Rothe-Sterngaſſe berichtet. Insbeſon¬
50 445 1015 549 dere, daß es Ihnen gut geht und daß Sie
53 512 991 599 tüchtig vorwärts ſtreben, was ja die
68 583 1090 660 Hauptſache iſt. Ich wäre gern, gern wieder
53 655 1038 759 einmal mit Ihnen zuſammen. Berlin
59 732 983 809 iſt eine große Stadt, aber eine Rothe-¬
64 766 990 862 Sterngaſſe gibt es hier nicht. Und ich
66 848 497 943 bin ſehr einſam.
155 923 1030 1014 Sie ſollen mir bald wieder ſchreiben,
47 982 1019 1076 Sie und Ihr Fräulein Schweſter, das
60 1042 1018 1148 Sie ſelbſt die »kleine Beſtie« nennen.
69 1102 1006 1239 (Ich wage kaum, es niederzuſchreiben).
66 1183 957 1298 Auch ſollten Sie Beide nach Berlin
64 1270 1079 1367 kommen. Ich werde Sie fürſtlich aufnehmen,
