1138 1434
677 138 969 190 Dessauerstrasse 19
55 163 497 264 Berlin, 10. Mai.
172 336 915 524 Liebes Fräulein Olga,
91 495 1045 658 Haben Sie vielen herzlichen Dank
76 575 1077 736 für das ſchöne Bild! Es ſoll mir
81 643 1056 790 ein lieber Beſitz ſein. Diese Wiener
69 698 1055 880 Photographen ſind doch mehr Künſtler.
72 818 1044 951 Man bekommt nach dieſem Bilde wirklich
58 903 1023 1042 ein lebendige Vorſtellung von Ihnen,
50 974 968 1126 und Ihre Perſönlichkeit iſt ſehr reizvoll
60 1054 499 1138 darin ausgedrückt.
153 1140 927 1276 Mit Dank ſende ich Ihnen die
67 1214 1000 1373 Zeitungausſchnitte zurück. Bahr hat,
