1212 1449
52 197 1079 363 ſonſt noch all’ dem Guten, das darin
55 315 1069 479 ſein ſoll. Die Hauptſache iſt, ſich leben
62 418 1085 545 zu laſſen, – vorausgeſetzt, daß man
53 490 971 628 auf der rechten Bahn iſt. Und ich
64 595 735 702 denke, Sie ſind darauf.
187 680 1048 832 Auch haben Sie Recht, daß Sie
43 753 1016 898 ſich fürs Erſte nicht viel um Ihre
52 865 1058 994 Kunſt kümmern. Nur leben, leben,
57 944 971 1080 leben! Es hat, weiß Gott, mehr
42 1032 1065 1140 Sinn, ſich lieb zu haben, als Theater
66 1092 364 1192 zu ſpielen .....
204 1200 1032 1364 Ich werde Ende Juli, Anfang
88 1271 963 1392 Auguſt nach dem Wörther See
