3758 4587
390 501 1218 561 unſerigen,
1260 509 1512 569 nicht
1564 516 1856 576 eine
1920 542 2956 602 Verſchiedenheit
3041 582 3271 642 der

422 697 1262 757 Anſichten,
1289 698 1828 758 ſondere
1912 700 2201 760 eine
2284 740 3345 800 Verſchiedenheit

418 859 672 919 der
769 870 1687 930 Stanpunkte
1804 883 2478 943 vorliegt,
2507 906 2702 966 die
2810 941 3181 1001 Traz

2983 1024 3049 1084 n
3196 1085 3374 1145 ber

435 1018 876 1078 Geund
1002 1034 1307 1094 wohl
1401 1049 1790 1109 darin
1842 1066 2242 1126 hate,
2294 1082 2484 1142 daß
2620 1102 2862 1162 Gob

458 1204 1369 1264 Lebendwage
1447 1234 1644 1294 ſich
1726 1249 1982 1309 ſeit
2100 1280 2676 1340 Tangen
2735 1332 3308 1392 getreunt

428 1378 818 1438 und
861 1399 991 1459 in
1068 1432 1956 1492 verſchiedenen
2076 1479 2846 1539 Richtungen
2900 1525 3236 1585 beren

435 1579 857 1639 haben.

859 1741 1291 1801 Eines
1342 1757 1589 1817 nur
1689 1771 1998 1831 bitte
2023 1781 2145 1841 ich
2233 1796 2567 1856 Dich,
2592 1813 2840 1873 mir
2926 1831 3075 1891 zu

488 1896 1264 1956 glauben:
1331 1922 1461 1982 Es
1527 1934 1878 1994 gehört
2009 1947 2162 2007 zu
2293 1957 2490 2017 der
2556 1988 3377 2048 jeinlichſten

425 2064 1099 2124 Aufgaben
1177 2091 1716 2151 meiner
1873 2120 2514 2180 Stellung,
2614 2148 2850 2208 ein
2952 2173 3266 2233 Stück

441 2231 776 2291 von
849 2240 1076 2300 Dir
1213 2252 2249 2312 kritiſiren,
2248 2302 2449 2362 zu.
2493 2305 3175 2365 müſſen,

438 2383 898 2443 wng
957 2397 1087 2457 ich
1193 2406 1453 2466 nicht
1500 2415 1854 2475 ganz
1913 2434 2363 2494 damit
2457 2512 3449 2572 einnerſtanden

377 2573 840 2633 bin;
875 2597 1124 2657 und
1206 2610 1337 2670 ich
1408 2622 1633 2682 habe
1741 2637 1941 2697 den
2002 2661 2594 2721 ſehnlichen
2713 2711 3293 2771 Wunſch

371 2749 724 2809 Dein
788 2776 1302 2836 nächſtes
1399 2805 1730 2865 Stück
1837 2831 2212 2891 möge
2297 2852 2404 2912 ſo
2491 2870 2769 2930 ſchön
2886 2899 3175 2959 ſein

430 2916 721 2976 daß
814 2943 954 3003 ich
1060 2965 1305 3025 mit
1397 3007 2296 3067 rückhaltsloſer
2448 3079 3323 3139 Anerkennung

422 3127 1135 3187 darüber
1194 3170 1775 3230 berichten
1894 3201 2346 3261 kann,
2452 3219 2785 3279 oder
2927 3227 3070 3287 es

681 3319 1033 3379 möge
1152 3346 1437 3406 mir
1558 3377 2160 3437 aberhaupt
2226 3413 2730 3473 erſpart
2828 3461 3310 3521 bleiben

408 3515 1065 3575 darüber
1133 3548 1272 3608 zu
1365 3564 2056 3624 berichten.

633 3732 1033 3792 Von
1087 3761 1623 3821 ganzem
1742 3785 2223 3845 Herzan
2323 3798 2533 3858 ode
2705 3813 3096 3873 aber

481 3922 1057 3982 ſtimme
1099 3942 1226 4002 ich
1268 3948 1592 4008 dem
1676 3952 2069 4012 Schluß
2169 3961 2647 4021 Deines
2746 4002 3322 4062 Briefert

490 4114 832 4174 zu,
871 4131 1136 4191 and
1215 4140 1342 4200 ich
1431 4146 1833 4206 danke
1911 4152 2117 4212 Dir
2204 4157 2440 4217 für
2568 4172 2861 4232 dieſe
2929 4198 3322 4258 lieben
