3768 4621
328 835 1151 895 Aicheu
1319 822 1557 882 don
1709 808 2435 868 Demeun
2546 802 3120 862 csenieu

412 1159 1090 1219 Pislse
1311 1148 2024 1208 rprecheu
2210 1131 2482 1191 die
2584 1116 3314 1176 Betulle.

347 1437 793 1497 hons
931 1435 1239 1495 rou
1423 1437 1917 1497 salleu
2132 1441 2486 1501 peid
2578 1444 3332 1504 Ruesu-

370 1748 1084 1808 leunos
1286 1757 1753 1817 dabu
1861 1754 2140 1814 des
2297 1753 2653 1813 Paut
2856 1753 3074 1813 du

413 2070 999 2130 Wieu
1136 2071 1378 2131 auf
1586 2065 1913 2125 best
2155 2053 3000 2113 egefühal
3103 2062 3293 2122 Du

374 2345 1008 2405 Deuul
1218 2350 1520 2410 do
1672 2348 2411 2408 Gesnial
2563 2347 2820 2407 auf
2910 2348 3303 2408 eieu

414 2633 1019 2693 Gcfeu
1158 2633 1595 2693 llolg
1778 2624 2383 2684 pechueu
2538 2611 2721 2671 ga

393 2941 998 3001 Aulen
1241 2934 1574 2994 dird
1741 2927 1892 2987 dt
2044 2920 2710 2980 rurcte
2847 2922 3060 2982 nu

353 3203 983 3263 loffe,
1038 3208 1240 3268 Oas
1371 3205 1740 3265 Fiese
1908 3195 2574 3255 Hefolgs-
2648 3188 3350 3248 Nurnitze,

333 3503 695 3563 sict
839 3509 1578 3569 Gauyeut
1722 3492 2387 3552 lglteu
2576 3470 3359 3530 nioegel.

2069 3792 2366 3852 zell
2483 3771 2616 3831 le
2750 3767 2986 3827 dis
3061 3769 3283 3829 lus
855 3837 1890 3897 Saffeuklittg
