3758 4587
308 784 1242 844 einzugehen.
1292 808 2312 868 Äußerungen
2408 821 2567 881 in
2651 853 3234 913 Deinem

289 972 773 1032 Brief
863 984 1182 1044 wie
1347 996 1781 1056 »Dein
1883 1024 2522 1084 kritiſches
2598 1083 3210 1143 Gebahren«

322 1138 481 1198 –s
545 1146 717 1206 an
791 1164 1573 1224 Meinung,
1605 1184 1723 1244 ich
1776 1197 2076 1257 hätte
2129 1217 2322 1277 Dir
2407 1269 3167 1329 zugemüthe

273 1310 625 1370 das
723 1322 1041 1382 Stück
1162 1344 1458 1404 ſtatt
1525 1363 1744 1423 als
1844 1400 2590 1460 Trauerſpiel
2732 1438 2996 1498 als

300 1498 905 1558 Luſtſpiel
999 1522 1124 1582 zu
1239 1543 1719 1603 ſchreiben
1792 1560 1866 1620 –
1959 1571 2116 1631 die
2168 1595 3118 1655 Auffordenng

293 1674 547 1734 ich
600 1698 907 1758 ſollte
981 1715 1066 1775 X
1214 1733 1479 1793 mir
1596 1752 1807 1812 den
1861 1770 2284 1830 Inhalt
2347 1787 2517 1847 des
2633 1807 3068 1867 Ganzen

311 1882 935 1942 einmal
1070 1921 1840 1981 überlegen«
1975 1946 2071 2006 –
2119 1955 2282 2015 die
2379 1974 2851 2034 Anſicht
2927 1994 3081 2054 ich

277 2046 700 2106 wiſſe
743 2076 998 2136 nicht
1103 2100 1644 2160 immer
1771 2116 2047 2176 »mit
2111 2128 2503 2188 fornel
2599 2160 3182 2220 Klugheit

253 2240 564 2300 und
669 2254 1150 2314 Wüürde
1253 2269 1405 2329 zu
1547 2287 2122 2347 wägen«
2170 2302 2472 2362 etc.
2538 2305 2595 2365 –
2736 2308 2982 2368 das

271 2412 695 2472 alles
762 2444 1119 2504 zeigt
1215 2455 1476 2515 mir
1592 2460 1920 2520 mir
2025 2462 2286 2522 von
2373 2475 2980 2535 Neuem

297 2600 637 2660 eie
770 2617 1397 2677 unrichtig
1484 2618 1649 2678 Du
1749 2620 1814 2680 m
2045 2627 2496 2687 meine
2561 2658 3079 2718 kritiſche

268 2793 1028 2853 thätigkeis
1180 2807 1789 2867 beuntheilſt
1861 2813 2103 2873 und
2226 2818 2287 2878 A
2611 2830 2926 2890 mit

266 2971 565 3031 ſehr
629 2979 738 3039 es
837 2983 1074 3043 Dir
1183 2990 1765 3050 (wenn
1810 2995 1974 3055 Du
2128 2998 2428 3058 auch
2537 3005 2828 3065 nur
2947 3013 3119 3073 ein

323 3149 801 3209 offenes
916 3173 1258 3233 Wort
1349 3175 2012 3235 elaubſt)
2068 3173 2240 3233 an
2342 3183 3141 3243 Verſtändieß

326 3348 601 3408 für
686 3353 856 3413 den
931 3357 1228 3417 Ernſt
1280 3362 1472 3422 und
1568 3367 1717 3427 die
1822 3372 2087 3432 Höfe
2184 3391 2810 3451 meines

305 3550 965 3610 Strbens
1028 3562 1409 3622 fehlt.
1434 3566 2043 3626 Damber
2145 3574 2449 3634 lößt
2577 3592 2818 3652 ſich,
2856 3623 3338 3683 meiner

339 3738 878 3798 koſiht,
904 3752 1153 3812 nicht
1219 3757 2022 3817 askutiren
2113 3766 2364 3826 and
2443 3813 3403 3873 Diskuſicnenf

306 3943 840 4003 ſchaffen
896 3946 1112 4006 mir
1215 3949 1418 4009 et
1544 3958 2089 4018 immüße
2169 3988 3157 4048 Verbitterung

310 4124 496 4184 in
560 4140 996 4200 einen
1070 4138 1459 4198 Frell,
1641 4142 2043 4202 mo,
2093 4153 2396 4213 wie
2585 4162 2700 4222 in
2832 4181 3136 4241 dem
