1206 1431
193 72 1103 195 Daß Ihr Vater ſich ſo abſcheulich benimmt,
137 133 1096 244 thut mir unendlich leid. Kann man
139 221 1103 308 da gar nichts machen? Arthur ſoll den
127 271 1017 382 Prozeß nur jedenfalls einleiten. Ich
129 352 1108 440 bedaure namentlich, daß ich in der Ange¬
138 402 1085 490 legenheit ſo gar nicht zu Hilfe kommen
144 459 1116 550 kann. Zum Beiſpiel, wenn ich eine Million
141 537 1139 626 hätte, wäre das ſehr einfach. Bitte, warum
167 582 796 678 hab’ ich keine Million?
270 654 1124 771 Diese neuen Kleider müſſen herrlich
134 736 1090 831 ſein. Beſonders, wenn ich den himmel¬
139 785 1024 874 blauen Gürtel ſehen könnte, es thäte
141 863 692 943 meinem Herzen wohl!
257 924 1138 1016 Ich denke oft und herzlich an Sie (wieder
141 959 1034 1083 Mehrzahl). Welsberg liegt fern. Ich lebe
136 1050 1034 1118 wieder mein elendes Leben und bin
134 1097 1081 1213 unbeſchreiblich einſam in dieſer kalten
149 1178 995 1298 Stadt, in der Niemand mich mag,
142 1251 644 1333 Keiner und Keine.
