5802 7508
536 457 949 517 Sof
1064 526 1608 586 gaehrte
1686 543 2607 603 Radeklion
2683 520 3644 580 Geſtatter
3757 532 4360 592 Sieen
4709 632 4923 692 h

441 803 1949 863 Rihtigfallug
2044 816 2350 876 der
2502 813 3857 873 Maldungen,
3973 845 4220 905 die
4296 908 5136 968 Tirgeſt

506 1078 1462 1138 bzeilich
1526 1121 2463 1181 Smeines
2548 1127 2953 1187 nöch
3017 1156 4763 1216 umneröffentlicht

656 1411 1545 1471 nakter
1777 1490 2365 1550 das
2489 1498 3035 1558 Haus
3205 1515 4298 1575 Celare«
4422 1611 4804 1671 Jul.

744 1790 1628 1850 haber,
1748 1830 2392 1890 Itren
2476 1857 3440 1917 Filgendes
3560 1914 4568 1974 vohzuzu

2041 2170 2260 2230 iohr
2699 2214 3867 2274 Senttprcht
4054 2265 4523 2325 nicht
4638 2281 4849 2341 ih

479 2559 1700 2619 Thatſachen,
1776 2550 2053 2610 daß
2258 2552 2564 2612 die
2665 2578 4012 2638 Schauſſieler
4189 2654 4596 2714 ſich

536 2924 1826 2984 gemeigoit
1958 2930 2632 2990 habe,
2707 2935 3081 2995 daß
4031 3029 4770 3089 Nück

762 3298 1595 3358 Zielen
1770 3329 2546 3389 Freitag
2663 3338 3285 3398 wär
3557 3324 3905 3384 in
4448 3446 4880 3506 ſir

1333 3698 3171 3758 Iehapen
3270 3750 3681 3810 das
3753 3801 4722 3861 Canhun
542 3688 975 3748 Abr

514 3990 1081 4050 Am
1165 4003 1765 4063 Frnsta
2034 4031 2801 4091 Abend,
2867 4051 3252 4111 vor
3352 4068 3736 4128 der
3936 4085 4304 4145 auf

606 4293 1953 4353 Sonnaber
2251 4321 2787 4381 Am
2891 4423 3931 4483 eſetzten
4099 4457 4848 4517 Genine

4496 4917 4573 4977 I
3642 4808 4312 4868 Hostz
471 4621 619 4681 M
936 4568 2021 4628 erfolgtn
2095 4613 2450 4673 dah

2486 4593 3439 4653 KArlken
3491 4637 3738 4697 ah
3808 4652 4073 4712 Ael
4232 4681 4392 4741 de
4462 4703 4531 4763 A
4834 4790 5033 4850 leis

1191 4751 1610 4811 Abſs
1715 4775 2070 4835 tin
2155 4805 2322 4865 Ia
2411 4871 2820 4931 a.,
2903 4905 3232 4965 ree
3312 4933 3667 4993 Godd
3804 4970 4022 5030 mah
4122 5038 4448 5098 tißt
4469 5104 4664 5164 Pu
4713 5175 5177 5235 Goann.

590 5008 1365 5068 Wir
1558 5013 2896 5073 ausdieſem
3213 5166 4034 5226 heede
4417 5301 4733 5361 Dir
4923 5416 5100 5476 Ich

624 5314 1033 5374 as
1183 5331 1705 5391 Stück
1966 5373 2953 5433 abgeſetzt
3366 5488 3886 5548 Der
4022 5574 4880 5634 Ichalt.

527 5658 1589 5718 Stückes
1691 5683 1937 5743 iſt
2080 5700 2347 5760 in
2448 5722 2796 5782 der
3063 5790 4125 5850 Ihrm?

661 5998 1494 6058 Jhrai
1653 6026 2578 6086 Betichte
2802 6083 4088 6143 mürichtich

678 6321 1150 6381 it
1206 6356 2734 6416 eadogogeben
