1141 1438
664 138 972 207 Dessauerstrasse 19
69 175 510 271 Berlin, 29. April.
214 313 924 466 Liebes Fräulein Olga,
85 451 953 577 Ich habe heut ſehr wenig Zeit
69 545 976 654 und kann Ihnen nur in Eile für
86 622 979 735 Ihren Brief danken und Ihnen die
71 710 1020 822 Hand drücken. Sicherlich haben Sie
50 780 993 926 einen großen Erfolg gehabt. Ich
75 882 994 1013 erwarte bald Bericht. Schicken
66 972 1042 1098 Sie mir, bitte, auch einige Zeitungs¬
74 1013 987 1155 ausſchnitte. Hätte man nicht ein
68 1120 1091 1268 Referat in der N. Fr. Pr. veranlaſſen
76 1206 972 1320 können? Waum haben Sie
411 1280 561 1339 vorher
90 1331 962 1392 mir nicht vorher geſchrieben?
