1207 1435
132 95 1120 215 geſprochen, was ſie nicht verant¬
149 190 1050 276 worten kann. Ich habe ihr nur
147 245 1149 356 geſagt (weil ſie mir durch Äußerun¬
134 316 1104 425 gen und Verhalten dazu Anlaß
145 387 1126 497 gegeben hatte), was ich auch Ihnen
134 476 1090 577 ſchon geſagt habe: wie wenig Sie
131 536 1044 648 Beide mich verſtehen und wie
135 609 1084 716 ſehr es mich mir leid thut, daß
150 682 1101 798 ich gerade imn einem Kreiſe, dem
140 755 1078 875 ich ſo nahe ſtehe, ſo wenig Ver¬
137 810 1046 935 ſtändniß finde. An Ihrer freund¬
134 887 1034 1016 ſchaftlichen Geſinnung für mich
156 1003 1086 1091 zweifle ich keinen Augenblick,
156 1038 1116 1140 ebenſo wie Sie hoffentlich nicht
152 1095 1038 1203 an der meinigen zweifeln.
149 1194 1116 1271 Das Wort »Haß« ſollte in einem
145 1244 1128 1347 Briefe, den Sie mir ſchreiben, wirklich
172 1312 516 1389 nicht ſtehen.
