1138 1431
668 136 987 198 Dessauerstrasse 19
75 159 587 251 Berlin, 27. September.
174 288 759 425 Liebes Fräulein Olga,
84 423 1059 527 Endlich eine freie halbe Stunde! Gleich hole
67 503 1022 588 ich mir Ihren Brief heraus aus dem Paket,
62 566 1003 641 das auf meinen Pult ſich aufgehäuft hat.
72 611 1048 681 Sie haben mir ſo lieb geſchrieben und haben
66 681 1068 782 mir damit eine ſo große Freude gemacht!
56 698 1063 823 (Das »Sie« iſt immer Mehrzahl und bedeutet,
71 781 1062 888 hier Olga und Liesl). Ich habe Arthur bereits
65 848 1052 937 gebeten, Ihnen zu danken. Da er dies, wie
67 906 1064 1002 ich vorausſetze, vergeſſen hat, ſo danke ich
83 956 714 1064 Ihnen hier noch einmal.
136 1053 1025 1160 Liebes Fräulein Olga (jetzt in der Einzahl):
51 1102 1049 1218 Daß Sie keine Berichte über Kaiſerzuſammen¬
64 1167 1020 1273 künfte leſen, thut mir leid. Erſtens war
57 1242 1081 1364 mein Bericht hübſch. Zweitens iſt die Nichtachtung
