3662 4626
376 608 742 668 ſie
810 610 987 670 in
1055 617 1462 677 eiem
1557 630 1926 690 Buch
2020 669 3080 729 aufezemiphme

335 781 678 841 bin
747 792 873 852 ich
976 807 1307 867 nicht
1445 848 2485 908 vepflichtet.
2555 871 2783 931 u.
2853 874 3001 934 ich

331 991 795 1051 habe
904 1019 1092 1079 ſie
1158 1034 1456 1094 nicht
1599 1080 3077 1140 Aufgenoimen,–

365 1181 1044 1241 Rückſicht
1185 1225 1454 1285 auf
1572 1255 1864 1315 den
1934 1295 2591 1355 Freund,
2720 1346 3130 1406 über

359 1354 404 1414 e
441 1427 784 1487 fau
869 1420 1407 1480 Wech
1556 1446 1708 1506 ſie
1835 1503 2822 1563 unglinſtig

433 1613 1115 1673 bilte
1185 1637 1327 1697 Dr
1398 1657 1902 1717 vorden
1973 1733 3190 1793 ligentebenlichen

349 1813 817 1873 Lichte
986 1858 1613 1918 erſcheint
1724 1880 2081 1940 mir
2194 1903 2496 1963 haut
2675 1951 3054 2011 dieſe

337 2039 1134 2099 Rückſicht
1269 2076 1584 2136 auf
1668 2088 1946 2148 den
2044 2113 2807 2173 Fraund,
2867 2155 3133 2215 der

380 2228 821 2288 Briefe
903 2254 1180 2314 von
1354 2279 1857 2339 mir,
1929 2296 2083 2356 in
2154 2320 2668 2380 denen
2760 2359 2904 2419 ich

439 2447 1063 2507 neillich
1150 2476 1670 2536 beftrebt
1894 2507 2429 2567 mar,
2509 2541 2773 2601 ein

445 2671 1196 2731 herzliches
1346 2722 2849 2782 Eremndſchaftlichet

455 2908 1226 2968 empfinden
1353 2915 1646 2975 mit
1731 2917 1984 2977 der
2137 2934 2837 2994 Wahrheit
2951 2980 3090 3040 in

521 3144 1272 3204 inklong
1370 3160 1500 3220 zu
1643 3171 2470 3231 bringen,
2524 3223 3013 3283 heran
3009 3334 3088 3394 ich

361 3360 682 3420 an
760 3374 1229 3434 damit
1356 3390 1883 3450 meine
2078 3442 3034 3502 Chanakter

450 3608 1205 3668 lofigkleit,
1329 3640 1546 3700 zu
1632 3642 2358 3702 beineiſen

757 3857 1038 3917 Es
1099 3871 1480 3931 fehlen
1614 3881 1908 3941 mir
2031 3892 2337 3952 alſo
2509 3916 2742 3976 für
2864 3954 3133 4014 den

324 4067 847 4127 Fiaee
962 4092 1200 4152 der
1276 4105 2227 4165 »Lebendigen
2333 4123 3103 4183 Stunden«
