1139 1435
652 139 961 199 Dessauerstrasse 19
68 149 424 281 Berlin, 9. Juli.
246 261 718 373 Liebe Freundin,
141 391 1029 491 Bitte, laſſen Sie das Danken ſein.
63 463 1058 580 Das war doch Alles ſelbſtverſtändlich.
76 514 1046 663 Es iſt doch die erſte und einfachſte Pflicht
66 607 1065 699 der Freundſchaft, in wichtigen Lebens¬
72 659 1045 779 angelegenheiten Beiſtand zu leiſten.
187 740 1035 853 Ihre lieben Mittheilungen über
68 810 1001 922 Peter Dorner etc. haben mich ſehr
63 891 1004 989 intereſſirt. Nur hätte ich gern
67 955 900 1050 auch etwas Näheres über Ihr
77 1005 491 1118 Ergehen gehört.
144 1080 1002 1183 Daß unſer lieber Welsberg von
60 1133 1057 1233 Hoffmannsthal »entdeckt« worden
80 1214 1037 1308 iſt, thut mir leid. Es wird jetzt ein
66 1271 1034 1384 literariſcher Ort werden – obwohl es
