1206 1431
45 184 992 268 der Politik, wie ſie unter unſeren Wiener
64 233 1060 374 Freunden beſteht, ein Fehler. Alles Menſchliche
49 291 1034 407 iſt intereſſant; und Pol eine Kaiſerzuſam¬
59 350 1053 496 menkunft bietet nicht weniger menſchliches
51 398 939 495 Intereſſe als das erſte Auftreten von
64 447 1057 607 Fräulein Medelsky im Volkstheater. Geſchichte
64 516 985 646 betreiben unſere Freunde. Aber was iſt
51 579 980 701 Politik Anderes, als Geſchichte, die wir
53 652 1051 782 miterleben? Die großen Frauen der Renaiſſance
41 669 1071 839 und in Frankreich haben ſich mit Politik immer
63 758 974 862 viel beſchäftigt und haben viel davon
60 820 637 912 verſtanden verſtanden.
163 888 1057 1038 Das Feuilleton von Lesser habe ich nicht
87 951 1038 1112 geleſen. Er iſt perſönlich ein braver Menſch.
59 1020 999 1181 Meinetwegen alſo ſoll er für Altenberg
58 1083 1051 1239 ſchwärmen und ſogar für Hoffmannsthal.
72 1133 1022 1302 Von Letzterem werden wir im »Deutſchen
78 1218 925 1340 Theater« ein Versdrama zu ſehen
73 1298 1012 1386 bekommen. Ich freue mich ſchon rieſig.
