3658 4622
334 941 1355 1001 nacheifert.
1431 957 1717 1017 Daß
1829 962 2713 1022 Schnitzler
2839 981 3162 1041 dieſe

316 1122 839 1182 Fovui
951 1124 1122 1184 ſich
1263 1126 2283 1186 anzueiguen
2383 1165 3260 1225 vermöchte

316 1285 941 1345 deutet
1072 1289 1324 1349 auf
1446 1291 1752 1351 eine
1872 1320 2969 1380 künſtleriſche

395 1476 1665 1536 Selbſteziehung
1768 1519 2016 1579 hin
2079 1534 2440 1594 hin,
2460 1546 2636 1606 die
2792 1559 3224 1619 mas

397 1654 741 1714 bei
795 1670 1049 1730 den
1240 1691 1929 1751 deutſchen
2065 1707 2791 1767 Autorau
2872 1718 3135 1778 der

464 1872 1554 1932 Gegenioirt
1722 1881 2205 1941 ſolteu
2340 1898 2823 1958 findet.
2927 1917 3042 1977 es
3127 1933 3294 1993 iſt

431 2077 738 2137 eiu
832 2072 1502 2132 weiter,
1567 2084 2573 2144 mihertolleo,
2694 2137 3206 2197 ehren,

379 2257 1010 2317 voller
1131 2275 1501 2335 Weg
1602 2296 1942 2356 mon
2032 2325 2874 2385 »Anatol«
2944 2330 3165 2390 bis

431 2484 885 2544 zum
1021 2494 1803 2554 »Schleier
1922 2491 2213 2551 der
2368 2504 3259 2564 Buritriie«

367 2670 765 2730 Dar
856 2701 1504 2761 Drouma
1685 2692 2117 2752 ſpricht
2232 2694 3232 2754 namentlich

338 2856 563 2916 en
677 2890 1190 2950 ſeinen
1303 2887 1981 2947 Verſen
2073 2883 3121 2943 -mohllauts

424 3083 1088 3143 Merfen
1180 3089 1457 3149 von
1550 3098 2658 3158 wieneriſcher
2778 3149 3323 3209 deeichh.

440 3272 509 3332 –
695 3283 1055 3343 eine
1159 3295 1951 3355 vornehme
2078 3328 2718 3388 Ppeoche!
2845 3379 3078 3439 An

383 3484 822 3544 euuar
930 3495 1535 3555 anderen
1682 3503 2122 3563 Stelle
2317 3527 2805 3587 wied
2953 3576 3275 3636 von

404 3701 1316 3761 »prächtigen
1415 3712 2074 3772 Verſen«
2172 3743 3019 3803 geſprochen,
3041 3789 3260 3849 die

410 3917 886 3977 dann
939 3914 2123 3974 citirswenden.
2210 3952 2547 4012 Von
2652 4008 3306 4068 Buutriee

384 4092 817 4152 wird
919 4123 1527 4183 geſagt,
1558 4139 1837 4199 daß
1992 4149 2177 4209 ſie
2281 4158 2507 4218 ein
2539 4172 3043 4232 lieblich
3140 4205 3196 4265 a
