3784 2619
303 341 1120 401 Aotwirl
1278 352 1422 412 du
1508 366 1760 426 rch,
1811 402 3137 462 Hohrpopkerirte

377 508 685 568 ins
764 547 1208 607 Hotel
1390 568 2107 628 Sacher,
2143 577 2426 637 wo
2518 589 2666 649 ich
2747 603 2917 663 ſie
2996 628 3224 688 um

404 719 1142 779 gogen?
1328 750 1561 810 Uhr
1668 769 2262 829 Abends
2466 794 2933 854 abhal

387 908 1051 968 werde.
1120 930 1422 990 Haſt
1508 935 1707 995 Du
1793 937 2052 997 dbe
2286 946 2674 1006 über
2820 975 3131 1035 den

368 1058 875 1118 Abnd
948 1092 1507 1152 bereits
1665 1128 2435 1188 verfingt
2477 1172 2983 1232 (was
3046 1221 3278 1281 ſehl

330 1266 1495 1326 mahrſcheinlich
1549 1311 1831 1371 iſt)
1912 1321 2032 1381 ſo
2152 1340 2822 1400 brauchſt
2931 1369 3104 1429 ich

357 1475 775 1535 gar
886 1491 1192 1551 nicht
1386 1508 1570 1568 zu
1641 1540 2711 1600 aulatorteu,
2732 1574 2916 1634 u.
2957 1586 3099 1646 ich

328 1669 846 1729 nifu
1069 1688 1473 1748 druus
1557 1701 1728 1761 in
1791 1722 2364 1782 einigen
2469 1766 3010 1826 Lrigeu

356 1844 768 1904 muhe
803 1843 934 1903 ich
992 1846 1121 1906 zu
1240 1869 2017 1929 Benedikt
2183 1912 2430 1972 auf
2524 1937 2854 1997 den,
3051 2072 3196 2132 Dn

367 2034 707 2094 mon
776 2030 1468 2090 Heuum,
1518 2037 1799 2097 Dich
1898 2046 2044 2106 zu
2141 2079 2950 2139 eirssfen?

388 2186 809 2246 Gruße
865 2179 1053 2239 Dir
1109 2179 1253 2239 u.
1308 2186 1751 2246 Deier
1925 2172 2341 2232 Fiau
2447 2213 2820 2273 Pot?

687 2296 1366 2356 Dicuu
1522 2302 1918 2362 Paul
2015 2308 2991 2368 soldmann

3406 280 3497 1806 Schwarzkopf verſtändige ich.
