1206 1430
128 74 1123 189 ausdrückt. Ich bin verblüfft, daß Sie
123 144 1119 240 in einem Falle, wo Ihre und meine
119 234 1003 329 Meinung ſich gegenüberſtehen,
814 282 1107 360 die Frage
117 301 957 398 nicht einen Augenblick den Fall
118 372 1125 467 in Erwägung ziehen, ob nicht viel¬
117 421 1041 514 leicht Sie im Unrecht ſind, und
113 498 1133 614 daß Sie ohneweiters eine Auslegung
127 572 1028 690 ſich zurechtmachen, die mich (ich
145 653 1040 734 kann es nicht anders ſagen) in
140 727 1119 828 meiner kritiſch Ehre als Kritiker
122 777 1145 910 trifft. Denn ich würde es für unehren¬
147 856 1081 961 haft halten, wenn ich, wie Sie
136 953 1131 1061 meinen, in meinem Kampf gegen
147 1020 1060 1103 Hauptmann mich auch nur im
151 1095 1123 1203 Mindeſten durch perſönliche Motive
141 1173 1068 1274 leiten ließe. Wenn Sie meine
132 1232 1107 1349 Angriffe gegen Hauptmann perſönlich
