1213 1447
127 112 1140 201 nur Denjenigen richtig beurtheilen, den
105 177 1086 286 ſie lieben), ſo habe ich Ihnen vielleicht
135 250 1066 348 nicht ſo oft geſchrieben, als ich es hätte
143 312 1149 449 thun ſollen. Das iſt aber keine Behandlung
146 396 1094 497 »en canaille«, wahrhaftig nicht. Mit der
140 454 1015 571 Freundſchaſt hat das gar nichts zu thun.
156 554 1034 647 Ich will mit der Freundſchaft keine
164 609 1028 714 Geſchäfte machen, und es iſt mir ein
132 674 1064 787 ſehr feines und ein wenig weiſches
136 748 1077 861 Vergnügen, mehr geben zu können,
155 824 627 908 als ich bekomme.
272 894 1034 1000 Vielleicht hätte ich das, was ich
127 930 1100 1072 Ihnen, liebes Fräulein Olga, da erzählt
132 1039 1012 1133 habe, gar nicht geſpürt, wenn ich X
131 1096 1020 1198 nur einen einzigen Menſchen hätte
153 1173 1062 1266 (ſtatt Menſch iſt natürlich »Frau«
166 1230 1121 1352 zu leſen), der ſich für mich intereſſirt und
149 1318 1073 1396 der mich lieb hat. Aber ich habe
