1209 1434
97 188 907 308 Selbſtverſtändlich werde ich bei
74 268 1069 396 Lindau, ſoweit es in meinen ſchwachen
59 334 880 465 Kräften ſteht, Ihnen behilflich ſein.
161 427 958 560 Zerbrechen Sie ſich nicht den Kopf
52 503 984 619 über das Künftige. Erſtens nützt es
58 572 1008 673 doch nichts, und zweitens kommt das
57 643 1036 766 Künftige ſchon von ſelbſt, wenn man
66 749 779 840 jung iſt und Talent hat.
149 827 1037 939 Ich würde mich freuen, wenn Sie
66 923 1029 1038 nach Berlin kämen. Dann hätte auch
63 1008 990 1105 ich »doch wenigſtens eine bekannte
68 1069 1028 1210 Seele in der Stadt« (wie Sie ſich
51 1143 927 1297 in Bezug auf mich ausdrücken).
