1143 1435
677 132 990 209 Dessauerstrasse 19
63 138 571 262 Berlin, 10. Dezember.
238 285 802 405 Liebes Fräulein Olga,
102 423 1041 551 Haben Sie vielen Dank für Ihren
67 516 1002 631 lieben Brief! Antworten kann ich
74 595 991 712 Ihnen noch nicht. Es iſt nicht mit
78 683 1049 787 Worten zu beſchreiben, was ich zu
72 763 1055 851 thun habe! Ich will Ihnen nur ſagen,
72 845 1010 952 wie ſehr mich Ihre Zeilen gefreut
72 917 980 1031 ha haben, in denen Sie als das
86 1012 1061 1115 liebe Wiener Mädel erſcheinen,
82 1080 1026 1203 als das ich Sie kenne. Warum
58 1128 1068 1281 man weinen muß, wenn Hauptmann
82 1250 1025 1357 ein ſchlechtes Stück ſchreibt, iſt mir
