3651 4624
336 1022 1526 1082 auszudrncken
1656 1082 2298 1142 pflege,
2389 1108 3044 1168 ſondern

341 1194 703 1254 die
787 1243 1577 1303 Genohnheit
1721 1287 2147 1347 habe,
2230 1304 2376 1364 zu
2500 1324 3039 1384 reden

372 1429 760 1489 win
899 1447 1129 1507 ein
1343 1489 2193 1549 Maiu.

579 1771 1218 1831 Lieber
1340 1787 2057 1847 Freund,
2144 1806 2365 1866 Du
2531 1826 2817 1886 haſt
2895 1847 3236 1907 mir

355 1969 799 2029 Auch
859 1990 1063 2050 bei
1170 2011 1853 2071 unſerem
1962 2032 2465 2092 letzten
2573 2056 3282 2116 Buiſam.

356 2194 1188 2254 manſein
1323 2219 1917 2279 winder
2103 2238 2447 2298 jede
2592 2260 2801 2320 Fa
2958 2329 3175 2389 gte

374 2396 847 2456 um
981 2427 1746 2487 Kritiker
1945 2435 2286 2495 dbch
2411 2491 3172 2551 ſprochen.

325 2607 731 2667 Dieſe
809 2636 1229 2696 Deine
1333 2655 1872 2715 Anſicht
2017 2662 2411 2722 über
2554 2662 2909 2722 mich

467 2839 528 2899 ſ
654 2834 1010 2894 nir
1291 2881 1652 2941 ſeit
1807 2889 2531 2949 Longen
2614 2921 3089 2981 bekau
3112 2970 3322 3030 lſt

358 3025 707 3085 Sie
815 3038 949 3098 iſt
1057 3053 1340 3113 für
1475 3077 1838 3137 mich
1932 3108 2471 3168 geniß
2645 3139 3048 3199 nicht

378 3272 1433 3332 belanglos.
1507 3306 1978 3366 Denn
2065 3330 2239 3390 ich
2350 3354 2660 3414 habe
2760 3388 3095 3448 nicht

381 3474 635 3534 die
733 3523 2155 3583 Selbſtſichertheit,
2211 3576 2380 3636 die
2506 3590 2718 3650 Du

375 3734 1001 3794 beſitzeſt
1104 3745 1269 3805 u.
1347 3754 1577 3814 die
1679 3767 1960 3827 Dich
2051 3780 2216 3840 zu
2511 3803 2869 3863 dem

403 3963 1221 4023 Ansſpuch
1318 3986 2381 4046 veranlaßt,
2430 4011 2943 4071 daßi
