1143 1434
50 88 1054 183 Niemand. So ſitze ich in der Einſamkeit
63 148 969 261 und fange Grillen. Dieſer Brief iſt
53 215 1062 305 nichts als eine große gefangene Grille.
46 297 1021 385 Sie werden ihn als ſolchen behandeln und
67 354 1035 456 darüber lachen. Aber jetzt, wo mir
64 421 1071 542 die Oſterſonne zum Fenſter hereinſcheint,
53 506 1029 585 wird es gar ſchlimm. Die dumme
63 557 1051 651 Frage regt ſich wieder, warum es für
57 627 1089 722 die ganze Welt Frühling wird und warum
54 682 1080 787 ich allein davon ausgenommen ſein ſoll?
59 757 1084 888 Es iſt ſchwer, ſeinen Gleichmuth zu bewahren,
55 854 1045 946 wenn einem ſo eine Frage im Kopfe
72 891 326 951 rumort.
144 967 1072 1061 Liebes Fräulein ich möchte wiſſen, wie
59 1018 1018 1139 es Ihnen und dem lieben Schweſterchen
76 1116 1078 1196 geht. Und die Brautlieder von Cornelius
70 1147 1054 1264 möchte ich auch wohl einmal hören. Schreiben
57 1224 960 1327 Sie mir bald wieder! Und fröhliche
75 1286 251 1363 Oſtern!
309 1298 1029 1390 Ihr Dr. Paul Goldmann.
