1139 1434
629 152 938 210 Dessauerstrasse 19
77 190 513 296 Berlin, 28. Mai.
189 341 785 479 Liebes Fräulein Olga,
109 484 1000 629 Ich danke Ihnen für Ihren lieben
67 605 1065 712 Brief und freue mich, daß Alles glücklich
60 675 1012 764 vorüber iſt und daß Sie wieder
62 760 1002 880 geneſen ſind. Jetzt ſollen Sie ſich
61 869 1078 965 einen ſchönen Sommer machen und
76 933 1052 1050 Liebe und Natur und alle Herr¬
52 997 969 1148 lichkeiten der Welt genießen.
57 1112 1022 1218 Dann wird auch eines Tages das
57 1175 1047 1335 kleine Haus in Döbling kommen,
68 1273 1079 1381 mit Arthur, mit Kindern und mit
