3902 5750
1827 428 2921 487 Brenta-Dolomiten (cima tosa 3176 M) vom M. Spinale 2021 M.
1942 889 2593 956 Madonna di Camiglio 1553 Mtr.
643 1371 1013 1431 Saerzal
1059 1372 1308 1432 Gitet
1354 1370 1618 1430 Torenke

1340 1444 1753 1504 Gsisoelbere
1929 1446 2050 1506 Goeen
2069 1446 2117 1506 dan
2160 1446 2318 1506 Giner

846 1466 1103 1526 visreracern

673 1526 1115 1586 Frareporeuee
1160 1528 1330 1588 AlRes
1509 1550 1796 1610 Woierst
1835 1554 2180 1614 (Siemael,

754 1583 965 1643 Konsnn
980 1588 1185 1648 neanseurs

672 1726 810 1786 (M
840 1734 1197 1794 Sesterreicher
1212 1736 1328 1796 Bes.
1723 1757 2251 1817 Aodonnad
2321 1754 2870 1814 Compiglio,

2141 1879 2400 1939 51.
2439 1924 3476 1984 Auguſt1904

859 2309 1449 2369 Mein
1560 2329 1965 2389 lieber
2172 2334 2829 2394 Freund

890 2748 1550 2808 tregnet
1595 2751 1735 2811 in
1902 2754 2871 2814 Capiglio,
2901 2756 3223 2816 und
3315 2758 3485 2818 ich

594 2956 1031 3016 fahre
1097 2970 1690 3030 morgen
1754 2971 2063 3031 nach
2206 2968 2747 3028 hia.
2903 2973 3340 3033 Von

563 3168 774 3228 Da
887 3180 2033 3240 mgheſchäinlich
2183 3187 2880 3247 meiter
2993 3205 3366 3265 nach

479 3397 1711 3457 Obentlien?
1841 3400 2231 3460 Das
2422 3400 3073 3460 Nahere

534 3593 1108 3653 fängt
1184 3598 1499 3658 von
1564 3598 2335 3658 meinem
2540 3596 3116 3656 Onkel
3191 3599 3365 3659 ab

482 3818 842 3878 der
944 3820 1225 3880 aus
1337 3824 1665 3884 dem
1879 3830 2746 3890 Engädin,
2837 3832 3096 3892 die

566 4018 1183 4078 einer
1234 4023 1605 4083 von
1698 4030 1960 4090 ihm
2222 4043 2619 4103 noch
2746 4055 2923 4115 zu

554 4244 1951 4304 beſtimmenden
2250 4250 2561 4310 Ort
2763 4262 3492 4322 koumt

596 4432 862 4492 Im
994 4461 1588 4521 Gebiige
1686 4476 2278 4536 werle
2448 4476 2642 4536 ich
2774 4470 3162 4530 Dich

572 4681 980 4741 alſo
1069 4692 1508 4752 wohl
1689 4704 2141 4764 nicht
2384 4700 2972 4760 ſehen

593 4872 1321 4932 Mönnen
1462 4885 1579 4945 –
1922 4882 2368 4942 rathe
2447 4893 2690 4953 Dir
2953 4904 3317 4964 auch
