3652 4622
1949 614 2840 674 NSCMOneeeREeRITL83

358 856 778 916 6.1.
891 899 1062 959 1.

768 1309 1399 1369 Lieber
1535 1336 2111 1396 Freund,

562 1670 839 1730 Die
938 1719 1769 1779 Überſendung
1818 1759 2027 1819 der
2174 1789 2650 1849 Kopien
2759 1824 3273 1884 meiner

341 1871 882 1931 Briefe
1004 1909 1250 1969 habe
1290 1921 1392 1981 ich
1465 1934 1699 1994 mit
1811 1956 2272 2016 einiger
2424 1982 2823 2042 Sorge

385 2092 1201 2152 erwartet.
1250 2140 1598 2200 Denn
1648 2159 1767 2219 in
1857 2179 2225 2239 jener
2324 2203 2683 2263 Zeit,
2752 2217 2911 2277 in
2961 2226 3180 2286 der

337 2269 782 2329 dieſe
875 2328 1724 2388 Amgelegenheit
1817 2365 2231 2425 ſpielt,
2294 2384 2626 2444 war
2677 2402 2947 2462 mir
3029 2419 3215 2479 die

352 2490 1239 2550 Freundſchaft
1310 2526 1592 2586 mit
1673 2542 1936 2602 Dir
2036 2559 2279 2619 iſchr
2420 2587 2823 2647 viel,
2854 2620 3267 2680 bldet

327 2685 665 2745 ſie
751 2703 1061 2763 eines
1145 2715 1334 2775 der
1457 2731 1880 2791 Großen
2002 2770 2849 2830 Bafstiner
2925 2829 3273 2889 menn

340 2879 964 2939 Lebens.
1013 2892 1301 2952 Und
1446 2912 1577 2972 ich
1637 2939 2045 2999 fragte
2142 2985 2537 3045 mich,
2575 3017 2742 3077 ehe
2803 3036 2910 3096 ich
2970 3057 3162 3117 Dir

328 3064 904 3124 Kopien
1028 3108 1620 3168 erhielti
1713 3154 2071 3214 ſollte
2149 3183 2304 3243 ich
2399 3213 2693 3273 nicht
2755 3251 3175 3311 vielle

364 3256 683 3316 in
788 3289 1037 3349 der
1107 3321 1497 3381 Sage
1567 3360 1921 3420 dieſes
2026 3433 3124 3493 Franaſchafalse

344 3483 1005 3543 Baſtlun
1136 3525 1467 3585 vor
1569 3563 1997 3623 pedern
2095 3612 2561 3672 Gehahr
2594 3647 2728 3707 zu
2794 3692 3288 3752 befelten

350 3670 653 3730 mich
843 3729 1353 3789 ſchwach
1428 3778 1975 3838 gezeigt
2050 3827 2541 3887 haben?

630 3925 1013 3985 Als
1114 3959 1256 4019 ich
1326 3979 1539 4039 die
1640 4004 2095 4064 Copien
2165 4028 2539 4088 das,
2651 4058 3135 4118 war¬

435 4126 935 4186 ſtarr
1017 4151 1252 4211 mor
1396 4181 2152 4241 Namen.
2224 4205 2510 4265 Das
2572 4217 2807 4277 alſo
2879 4229 3113 4289 un
