1146 1460
644 132 959 193 Dessauerstrasse 19
61 165 378 255 Berlin, 20. Juni.
229 273 611 370 Liebe Freundin,
86 385 1066 524 Eben bekomme ich Marſchorder nach Dresden
81 470 1041 577 (Beerdigung des Königs). In fliegender Eile
72 544 1029 651 alſo: vielen Dank für Ihren lieben Brief!
62 599 954 704 Sorgen Sie, bitte, dafür, daß Liesl die
73 677 1074 801 Angelegenheit mit Löwenfeld nicht verſchlampt.
97 738 1023 830 Paul werde ich in meine Obhut nehmen.
77 791 1074 951 Ihnen wünſche ich von Herzen das Allerbeſte
70 864 814 965 und ſende Ihnen viele Grüße.
338 955 1065 1088 Ihr getreuer, halb todt gehetzter
426 1103 951 1257 Paul Goldmann.
