<?xml version="1.0" encoding="UTF-8" standalone="yes"?>
<PcGts xmlns="http://schema.primaresearch.org/PAGE/gts/pagecontent/2013-07-15" xmlns:xsi="http://www.w3.org/2001/XMLSchema-instance" xsi:schemaLocation="http://schema.primaresearch.org/PAGE/gts/pagecontent/2013-07-15 http://schema.primaresearch.org/PAGE/gts/pagecontent/2013-07-15/pagecontent.xsd">
    <Metadata>
        <Creator>prov=READ-COOP:name=PyLaia@TranskribusPlatform:version=2.1.0:model_id=49503:lm=none:date=23_06_2023_14:30</Creator>
        <Created>2022-03-31T12:09:44.934+02:00</Created>
        <LastChange>2023-07-20T15:56:41.528+02:00</LastChange>
        <TranskribusMetadata docId="958791" pageId="37204657" pageNr="2" tsid="130258193" status="IN_PROGRESS" userId="64420" imgUrl="https://files.transkribus.eu/Get?id=LXXAWWJIRHFLRASDELJFGUGI&amp;fileType=view" xmlUrl="https://files.transkribus.eu/Get?id=UGBGAXTTSCNCINNDIJFUVVHL" imageId="30004828"/>
    </Metadata>
    <Page imageFilename="DLA_74_00002 HS.NZ85.1.3174_0002.jpg" imageWidth="3783" imageHeight="2674">
        <ReadingOrder>
            <OrderedGroup id="ro_1699280003829" caption="Regions reading order">
                <RegionRefIndexed index="0" regionRef="TextRegion_1689860817120_27"/>
            </OrderedGroup>
        </ReadingOrder>
        <TextRegion orientation="0.0" id="TextRegion_1689860817120_27" custom="readingOrder {index:0;}">
            <Coords points="326,362 3450,362 3495,1322 3495,1473 3450,2385 326,2385"/>
            <TextLine id="line_1689860846057_32" custom="readingOrder {index:0;} structure {type:paragraph;} dateline {offset:0; length:19;} place {offset:0; length:6;} date {offset:8; length:10;} unclear {offset:9; length:1;}">
                <Coords points="307,307 479,296 1292,253 1685,272 2887,362 3210,393 3214,541 2895,568 2292,591 712,560 307,502"/>
                <Baseline points="329,434 397,442 465,448 533,455 602,458 670,461 738,464 807,464 875,464 943,464 1012,462 1080,461 1148,459 1216,458 1285,456 1353,453 1421,452 1490,450 1558,450 1626,450 1695,450 2010,471 2070,473 2131,473 2192,474 2252,474 2313,476 2374,477 2434,477 2495,479 2556,479 2617,480 2677,482 2738,483 2799,484 2859,485 2920,486 2981,489 3041,489 3102,492 3163,494 3224,495"/>
                <Word id="r1l1_w1" custom="readingOrder {index:0;}">
                    <Coords points="325,418 325,478 901,478 901,418"/>
                    <TextEquiv>
                        <Unicode>Berlin,</Unicode>
                    </TextEquiv>
                </Word>
                <Word id="r1l1_w2" custom="readingOrder {index:1;}">
                    <Coords points="930,421 930,481 1131,481 1131,421"/>
                    <TextEquiv>
                        <Unicode>1.</Unicode>
                    </TextEquiv>
                </Word>
                <Word id="r1l1_w3" custom="readingOrder {index:2;}">
                    <Coords points="1189,411 1189,471 1695,471 1695,411"/>
                    <TextEquiv>
                        <Unicode>Huuar.</Unicode>
                    </TextEquiv>
                </Word>
                <Word id="r1l2_w1" custom="readingOrder {index:3;}">
                    <Coords points="1995,436 1995,496 2634,496 2634,436"/>
                    <TextEquiv>
                        <Unicode>Heglichſten</Unicode>
                    </TextEquiv>
                </Word>
                <Word id="r1l2_w2" custom="readingOrder {index:4;}">
                    <Coords points="2756,446 2756,506 3119,506 3119,446"/>
                    <TextEquiv>
                        <Unicode>Dank</Unicode>
                    </TextEquiv>
                </Word>
                <TextEquiv>
                    <Unicode>Berlin, 16. Januar. Herzlichſten Dank</Unicode>
                </TextEquiv>
            </TextLine>
            <TextLine id="line_1689860851526_37" custom="readingOrder {index:1;} salute {offset:5; length:19;} unclear {offset:34; length:1;} person {offset:36; length:4;}">
                <Coords points="311,541 584,521 1771,494 3167,514 3304,553 3300,669 3004,735 545,724 311,658"/>
                <Baseline points="333,629 445,633 558,638 670,641 783,644 896,647 1008,650 1121,651 1234,654 1346,655 1459,656 1572,657 1684,657 1797,657 1910,657 2022,657 2135,656 2248,654 2360,653 2473,651 2586,648 2760,665 2787,663 2815,663 2842,662 2870,662 2897,662 2925,662 2952,661 2980,660 3007,660 3035,660 3063,660 3090,660 3118,659 3145,659 3173,658 3200,657 3228,656 3255,656 3283,654 3311,653"/>
                <Word id="r1l3_w1" custom="readingOrder {index:0;}">
                    <Coords points="319,594 319,654 658,654 658,594"/>
                    <TextEquiv>
                        <Unicode>Dir,</Unicode>
                    </TextEquiv>
                </Word>
                <Word id="r1l3_w2" custom="readingOrder {index:1;}">
                    <Coords points="676,605 676,665 1006,665 1006,605"/>
                    <TextEquiv>
                        <Unicode>mein</Unicode>
                    </TextEquiv>
                </Word>
                <Word id="r1l3_w3" custom="readingOrder {index:2;}">
                    <Coords points="1060,613 1060,673 1372,673 1372,613"/>
                    <TextEquiv>
                        <Unicode>lieber</Unicode>
                    </TextEquiv>
                </Word>
                <Word id="r1l3_w4" custom="readingOrder {index:3;}">
                    <Coords points="1517,617 1517,677 2021,677 2021,617"/>
                    <TextEquiv>
                        <Unicode>Freund,</Unicode>
                    </TextEquiv>
                </Word>
                <Word id="r1l3_w5" custom="readingOrder {index:4;}">
                    <Coords points="2068,615 2068,675 2251,675 2251,615"/>
                    <TextEquiv>
                        <Unicode>und</Unicode>
                    </TextEquiv>
                </Word>
                <Word id="r1l3_w6" custom="readingOrder {index:5;}">
                    <Coords points="2360,611 2360,671 2552,671 2552,611"/>
                    <TextEquiv>
                        <Unicode>des</Unicode>
                    </TextEquiv>
                </Word>
                <Word id="r1l4_w1" custom="readingOrder {index:6;}">
                    <Coords points="2743,620 2743,680 3263,680 3263,620"/>
                    <TextEquiv>
                        <Unicode>»Fau</Unicode>
                    </TextEquiv>
                </Word>
                <TextEquiv>
                    <Unicode>Dir, mein lieber Freund, und Deiner Frau</Unicode>
                </TextEquiv>
            </TextLine>
            <TextLine id="r1l5" custom="readingOrder {index:2;} place {offset:19; length:9;}">
                <Coords points="304,860 451,860 537,934 642,868 868,864 1012,965 1132,961 1436,821 1802,841 1918,891 1969,844 2121,829 2276,973 2498,887 2654,977 2899,868 2965,926 3066,868 3218,872 3218,708 3136,700 2988,743 2895,693 2841,735 2599,704 2541,743 2331,697 2206,759 1895,693 1743,767 1599,697 1381,724 1191,685 1086,724 813,658 576,712 436,654 304,669"/>
                <Baseline points="326,791 471,799 616,806 761,810 906,815 1051,818 1196,821 1341,822 1486,824 1631,824 1776,825 1921,825 2066,827 2211,828 2356,828 2501,831 2646,833 2791,837 2936,842 3081,848 3227,854"/>
                <Word id="r1l5_w1" custom="readingOrder {index:0;}">
                    <Coords points="319,759 319,819 635,819 635,759"/>
                    <TextEquiv>
                        <Unicode>für</Unicode>
                    </TextEquiv>
                </Word>
                <Word id="r1l5_w2" custom="readingOrder {index:1;}">
                    <Coords points="698,772 698,832 979,832 979,772"/>
                    <TextEquiv>
                        <Unicode>fure</Unicode>
                    </TextEquiv>
                </Word>
                <Word id="r1l5_w3" custom="readingOrder {index:2;}">
                    <Coords points="1118,781 1118,841 1449,841 1449,781"/>
                    <TextEquiv>
                        <Unicode>Grüße</Unicode>
                    </TextEquiv>
                </Word>
                <Word id="r1l5_w4" custom="readingOrder {index:3;}">
                    <Coords points="1486,784 1486,844 1715,844 1715,784"/>
                    <TextEquiv>
                        <Unicode>man</Unicode>
                    </TextEquiv>
                </Word>
                <Word id="r1l5_w5" custom="readingOrder {index:4;}">
                    <Coords points="1842,787 1842,847 2553,847 2553,787"/>
                    <TextEquiv>
                        <Unicode>Semming.</Unicode>
                    </TextEquiv>
                </Word>
                <Word id="r1l5_w6" custom="readingOrder {index:5;}">
                    <Coords points="2605,800 2605,860 3188,860 3188,800"/>
                    <TextEquiv>
                        <Unicode>Hoffnntlich</Unicode>
                    </TextEquiv>
                </Word>
                <TextEquiv>
                    <Unicode>für Eure Grüße vom Semmering. Hoffentlich</Unicode>
                </TextEquiv>
            </TextLine>
            <TextLine id="r1l6" custom="readingOrder {index:3;} place {offset:20; length:6;} date {offset:38; length:7;}">
                <Coords points="304,1000 444,949 650,1020 829,996 1121,1121 1292,1027 1673,1008 1786,1043 1907,1008 1953,1047 2062,1012 2125,1047 2354,1004 2599,1105 2821,1023 2992,1074 3179,1062 3339,1148 3432,1128 3424,938 3296,895 3187,899 3012,1004 2895,953 2802,981 2732,922 2646,977 2557,903 2432,883 2288,973 2148,922 1988,961 1802,879 1436,957 1296,868 1167,965 1008,969 903,876 642,864 560,934 397,848 300,883"/>
                <Baseline points="326,932 481,957 637,975 792,990 948,999 1104,1007 1259,1010 1415,1011 1570,1011 1726,1010 1882,1007 2037,1005 2193,1005 2348,1005 2504,1008 2660,1014 2815,1022 2971,1035 3126,1052 3282,1074 3474,1171"/>
                <Word id="r1l6_w1" custom="readingOrder {index:0;}">
                    <Coords points="313,917 313,977 654,977 654,917"/>
                    <TextEquiv>
                        <Unicode>blük</Unicode>
                    </TextEquiv>
                </Word>
                <Word id="r1l6_w2" custom="readingOrder {index:1;}">
                    <Coords points="773,952 773,1012 891,1012 891,952"/>
                    <TextEquiv>
                        <Unicode>es</Unicode>
                    </TextEquiv>
                </Word>
                <Word id="r1l6_w3" custom="readingOrder {index:2;}">
                    <Coords points="950,962 950,1022 1091,1022 1091,962"/>
                    <TextEquiv>
                        <Unicode>bei</Unicode>
                    </TextEquiv>
                </Word>
                <Word id="r1l6_w4" custom="readingOrder {index:3;}">
                    <Coords points="1198,970 1198,1030 1551,1030 1551,970"/>
                    <TextEquiv>
                        <Unicode>Einer</Unicode>
                    </TextEquiv>
                </Word>
                <Word id="r1l6_w5" custom="readingOrder {index:4;}">
                    <Coords points="1634,966 1634,1026 2178,1026 2178,966"/>
                    <TextEquiv>
                        <Unicode>Berliner</Unicode>
                    </TextEquiv>
                </Word>
                <Word id="r1l6_w6" custom="readingOrder {index:5;}">
                    <Coords points="2331,967 2331,1027 2674,1027 2674,967"/>
                    <TextEquiv>
                        <Unicode>Reiſe</Unicode>
                    </TextEquiv>
                </Word>
                <Word id="r1l6_w7" custom="readingOrder {index:6;}">
                    <Coords points="2756,982 2756,1042 2897,1042 2897,982"/>
                    <TextEquiv>
                        <Unicode>im</Unicode>
                    </TextEquiv>
                </Word>
                <Word id="r1l6_w8" custom="readingOrder {index:7;}">
                    <Coords points="2944,1014 2944,1074 3346,1074 3346,1014"/>
                    <TextEquiv>
                        <Unicode>Febende</Unicode>
                    </TextEquiv>
                </Word>
                <TextEquiv>
                    <Unicode>bleibt es bei Eurer Berliner Reiſe im Februar.</Unicode>
                </TextEquiv>
            </TextLine>
            <TextLine id="line_1689860868709_47" custom="readingOrder {index:4;}">
                <Coords points="358,1020 829,996 2432,1031 3148,1066 3436,1171 3483,1315 3483,1502 3455,1510 3424,1510 366,1249"/>
                <Baseline points="383,1130 521,1139 660,1146 799,1152 938,1157 1077,1160 1216,1163 1355,1164 1494,1167 1633,1169 1772,1170 1910,1172 2049,1175 2188,1178 2327,1182 2466,1188 2605,1196 2744,1205 2883,1215 3022,1228 3161,1245 3105,1335 3131,1335 3158,1335 3184,1335 3211,1337 3237,1338 3264,1340 3290,1341 3317,1343 3343,1343 3370,1343 3396,1342 3423,1339 3450,1337 3444,1422 3469,1423 3495,1422"/>
                <Word id="r1l7_w1" custom="readingOrder {index:0;}">
                    <Coords points="375,1096 375,1156 596,1156 596,1096"/>
                    <TextEquiv>
                        <Unicode>Ich</Unicode>
                    </TextEquiv>
                </Word>
                <Word id="r1l7_w2" custom="readingOrder {index:1;}">
                    <Coords points="651,1112 651,1172 984,1172 984,1112"/>
                    <TextEquiv>
                        <Unicode>freue</Unicode>
                    </TextEquiv>
                </Word>
                <Word id="r1l7_w3" custom="readingOrder {index:2;}">
                    <Coords points="1039,1121 1039,1181 1261,1181 1261,1121"/>
                    <TextEquiv>
                        <Unicode>mich</Unicode>
                    </TextEquiv>
                </Word>
                <Word id="r1l7_w4" custom="readingOrder {index:3;}">
                    <Coords points="1372,1127 1372,1187 1636,1187 1636,1127"/>
                    <TextEquiv>
                        <Unicode>ſehr,</Unicode>
                    </TextEquiv>
                </Word>
                <Word id="r1l7_w5" custom="readingOrder {index:4;}">
                    <Coords points="1677,1130 1677,1190 1872,1190 1872,1130"/>
                    <TextEquiv>
                        <Unicode>Euch</Unicode>
                    </TextEquiv>
                </Word>
                <Word id="r1l7_w6" custom="readingOrder {index:5;}">
                    <Coords points="1982,1135 1982,1195 2191,1195 2191,1135"/>
                    <TextEquiv>
                        <Unicode>hier</Unicode>
                    </TextEquiv>
                </Word>
                <Word id="r1l7_w7" custom="readingOrder {index:6;}">
                    <Coords points="2274,1142 2274,1202 2398,1202 2398,1142"/>
                    <TextEquiv>
                        <Unicode>zu</Unicode>
                    </TextEquiv>
                </Word>
                <Word id="r1l7_w8" custom="readingOrder {index:7;}">
                    <Coords points="2537,1164 2537,1224 2939,1224 2939,1164"/>
                    <TextEquiv>
                        <Unicode>ſehen,</Unicode>
                    </TextEquiv>
                </Word>
                <Word id="r1l7_w9" custom="readingOrder {index:8;}">
                    <Coords points="2967,1190 2967,1250 3118,1250 3118,1190"/>
                    <TextEquiv>
                        <Unicode>fat</Unicode>
                    </TextEquiv>
                </Word>
                <Word id="r1l8_w1" custom="readingOrder {index:9;}">
                    <Coords points="3087,1299 3087,1359 3438,1359 3438,1299"/>
                    <TextEquiv>
                        <Unicode>Puldic</Unicode>
                    </TextEquiv>
                </Word>
                <Word id="r2l1_w1" custom="readingOrder {index:10;}">
                    <Coords points="3420,1382 3420,1442 3463,1442 3463,1382"/>
                    <TextEquiv>
                        <Unicode>zu</Unicode>
                    </TextEquiv>
                </Word>
                <TextEquiv>
                    <Unicode>Ich freue mich ſehr, Euch hier zu ſehen. Entſchuldige,</Unicode>
                </TextEquiv>
            </TextLine>
            <TextLine id="line_1689860874115_51" custom="readingOrder {index:5;}">
                <Coords points="447,1210 1004,1175 2339,1214 3012,1370 3401,1529 3409,1611 3378,1619 2627,1584 479,1444 346,1381 342,1284"/>
                <Baseline points="363,1313 496,1321 629,1328 762,1334 895,1340 1028,1344 1161,1350 1294,1353 1427,1358 1560,1361 1693,1365 1826,1370 1959,1374 2092,1379 2225,1383 2358,1389 2491,1395 2624,1403 2757,1410 2890,1419 3024,1428 3344,1578 3370,1582 3396,1586 3469,1614"/>
                <Word id="r1l9_w1" custom="readingOrder {index:0;}">
                    <Coords points="362,1280 362,1340 609,1340 609,1280"/>
                    <TextEquiv>
                        <Unicode>daß</Unicode>
                    </TextEquiv>
                </Word>
                <Word id="r1l9_w2" custom="readingOrder {index:1;}">
                    <Coords points="685,1292 685,1352 792,1352 792,1292"/>
                    <TextEquiv>
                        <Unicode>ich</Unicode>
                    </TextEquiv>
                </Word>
                <Word id="r1l9_w3" custom="readingOrder {index:2;}">
                    <Coords points="870,1307 870,1367 1331,1367 1331,1307"/>
                    <TextEquiv>
                        <Unicode>Deem</Unicode>
                    </TextEquiv>
                </Word>
                <Word id="r1l9_w4" custom="readingOrder {index:3;}">
                    <Coords points="1392,1322 1392,1382 1839,1382 1839,1322"/>
                    <TextEquiv>
                        <Unicode>letzten</Unicode>
                    </TextEquiv>
                </Word>
                <Word id="r1l9_w5" custom="readingOrder {index:4;}">
                    <Coords points="1915,1337 1915,1397 2192,1397 2192,1337"/>
                    <TextEquiv>
                        <Unicode>Rrief</Unicode>
                    </TextEquiv>
                </Word>
                <Word id="r1l9_w6" custom="readingOrder {index:5;}">
                    <Coords points="2332,1355 2332,1415 2655,1415 2655,1355"/>
                    <TextEquiv>
                        <Unicode>noch</Unicode>
                    </TextEquiv>
                </Word>
                <Word id="r1l9_w7" custom="readingOrder {index:6;}">
                    <Coords points="2716,1374 2716,1434 2917,1434 2917,1374"/>
                    <TextEquiv>
                        <Unicode>auch</Unicode>
                    </TextEquiv>
                </Word>
                <Word id="r1l11_w1" custom="readingOrder {index:7;}">
                    <Coords points="3314,1538 3314,1598 3342,1598 3342,1538"/>
                    <TextEquiv>
                        <Unicode>?</Unicode>
                    </TextEquiv>
                </Word>
                <TextEquiv>
                    <Unicode>daß ich Deinen letzten Brief noch nicht beant¬</Unicode>
                </TextEquiv>
            </TextLine>
            <TextLine id="line_1689860881830_58" custom="readingOrder {index:6;}">
                <Coords points="354,1389 669,1339 2401,1397 2942,1556 3183,1627 3187,1704 3062,1751 2903,1755 1965,1767 887,1693 362,1502"/>
                <Baseline points="384,1470 490,1484 597,1495 704,1506 811,1516 918,1526 1024,1534 1131,1542 1238,1549 1345,1556 1452,1562 1558,1569 1665,1575 1772,1580 1879,1586 1986,1591 2092,1596 2199,1601 2306,1607 2413,1613 2520,1619 2652,1656 2679,1659 2706,1661 2733,1664 2760,1667 2787,1669 2814,1672 2842,1674 2869,1677 2896,1679 2923,1682 2950,1685 2977,1686 3004,1689 3032,1690 3059,1691 3086,1692 3113,1692 3140,1692 3167,1692 3295,1714"/>
                <Word id="r1l10_w1" custom="readingOrder {index:0;}">
                    <Coords points="373,1463 373,1523 989,1523 989,1463"/>
                    <TextEquiv>
                        <Unicode>Dartet</Unicode>
                    </TextEquiv>
                </Word>
                <Word id="r1l10_w2" custom="readingOrder {index:1;}">
                    <Coords points="1064,1507 1064,1567 1364,1567 1364,1507"/>
                    <TextEquiv>
                        <Unicode>habe.</Unicode>
                    </TextEquiv>
                </Word>
                <Word id="r1l10_w3" custom="readingOrder {index:2;}">
                    <Coords points="1471,1529 1471,1589 1680,1589 1680,1529"/>
                    <TextEquiv>
                        <Unicode>ich</Unicode>
                    </TextEquiv>
                </Word>
                <Word id="r1l10_w4" custom="readingOrder {index:3;}">
                    <Coords points="1741,1551 1741,1611 2236,1611 2236,1551"/>
                    <TextEquiv>
                        <Unicode>erſaufe</Unicode>
                    </TextEquiv>
                </Word>
                <Word id="r1l10_w5" custom="readingOrder {index:4;}">
                    <Coords points="2298,1570 2298,1630 2447,1630 2447,1570"/>
                    <TextEquiv>
                        <Unicode>in</Unicode>
                    </TextEquiv>
                </Word>
                <Word id="r1l12_w1" custom="readingOrder {index:5;}">
                    <Coords points="2632,1638 2632,1698 3140,1698 3140,1638"/>
                    <TextEquiv>
                        <Unicode>Arbeit</Unicode>
                    </TextEquiv>
                </Word>
                <TextEquiv>
                    <Unicode>wortet habe. Ich erſaufe in Arbeit.</Unicode>
                </TextEquiv>
            </TextLine>
            <TextLine id="line_1689860941260_100" custom="readingOrder {index:7;} closer {offset:0; length:24; continued:true;}">
                <Coords points="973,1790 1848,1704 2060,1726 2900,1939 3401,2083 3388,2131 2060,2060 1354,2016 973,1938"/>
                <Baseline points="829,1967 1039,1895 1083,1891 1128,1889 1172,1886 1217,1884 1261,1884 1305,1883 1350,1883 1394,1883 1439,1883 1483,1884 1527,1884 1572,1886 1616,1887 1661,1888 1705,1889 1749,1889 1794,1890 1838,1890 1883,1890 2060,1899 2097,1904 2639,1927 2889,1983 3389,2126"/>
                <Word id="r1l13_w1" custom="readingOrder {index:0;}">
                    <Coords points="973,1843 973,1903 1849,1903 1849,1843"/>
                    <TextEquiv>
                        <Unicode>denlicht</Unicode>
                    </TextEquiv>
                </Word>
                <TextEquiv>
                    <Unicode>Herzlichſt Dein getreuer</Unicode>
                </TextEquiv>
            </TextLine>
            <TextLine id="line_1689860910005_79" custom="readingOrder {index:8;} signed {offset:0; length:13;} closer {offset:0; length:13; continued:true;} letter-end {offset:13; length:0;}">
                <Coords points="1311,2234 1416,2191 1533,2175 2381,2109 2560,2136 2821,2214 2829,2339 2771,2358 1541,2397 1436,2385 1315,2354"/>
                <Baseline points="1132,2409 1360,2334 1386,2334 1412,2336 1438,2336 1464,2337 1490,2339 1516,2340 1542,2342 1568,2343 1594,2344 1620,2346 1646,2348 1672,2348 1698,2349 1724,2349 1750,2349 1776,2349 2243,2288 2272,2289 2302,2290 2331,2291 2361,2292 2390,2294 2420,2294 2449,2296 2479,2297 2508,2298 2538,2300 2568,2301 2597,2303 2627,2304 2656,2305 2686,2307 2715,2308 2745,2309 2774,2310 2804,2312 3435,2381"/>
                <Word id="r1l17_w1" custom="readingOrder {index:0;}">
                    <Coords points="2228,2257 2228,2317 2731,2317 2731,2257"/>
                    <TextEquiv>
                        <Unicode>Nann</Unicode>
                    </TextEquiv>
                </Word>
                <Word id="r1l18_w1" custom="readingOrder {index:1;}">
                    <Coords points="1314,2300 1314,2360 1721,2360 1721,2300"/>
                    <TextEquiv>
                        <Unicode>bnte</Unicode>
                    </TextEquiv>
                </Word>
                <TextEquiv>
                    <Unicode>Paul Goldmann</Unicode>
                </TextEquiv>
            </TextLine>
            <TextEquiv>
                <Unicode>Berlin, 16. Januar. Herzlichſten Dank
Dir, mein lieber Freund, und Deiner Frau
für Eure Grüße vom Semmering. Hoffentlich
bleibt es bei Eurer Berliner Reiſe im Februar.
Ich freue mich ſehr, Euch hier zu ſehen. Entſchuldige,
daß ich Deinen letzten Brief noch nicht beant¬
wortet habe. Ich erſaufe in Arbeit.
Herzlichſt Dein getreuer
Paul Goldmann</Unicode>
            </TextEquiv>
        </TextRegion>
    </Page>
</PcGts>
