1214 1434
195 48 390 128 wiſſen
280 114 1117 240 X Sie lange nicht ſo viel, als
146 207 1050 307 Sie ſich einbilden. Und es wäre
140 286 1047 373 ſehr ſchön, wenn ich in Wien
146 373 1111 475 wäre und Sie Beide öfter ſehen
163 439 1128 572 könnte; ich würde wahrſcheinlich
161 525 1094 633 weniger Grillen fangen! Und
143 604 1014 734 es iſt unerhört, daß ich heut
164 693 1054 804 ſchon wieder Ihnen ſchreiben
167 754 1121 915 muß, ſatt Ihrem Schweſterchen,
146 873 989 992 wie ich eigentlich vorhatte.
303 967 1028 1076 So, und jetzt reden wir
154 1061 489 1136 vernünftig!
218 1115 1035 1225 Dieſes kleine Fräulein Liesl
138 1199 1029 1319 ſitzt ahnungslos in Wien und
159 1313 1105 1390 weiß nicht, daß hier über ihr
