1138 1431
672 137 987 193 Dessauerstrasse 19
45 137 601 271 Berlin, 15. November.
133 300 812 428 Liebes Fräulein Olga,
104 443 993 564 Ich danke Ihnen für Ihren lieben
76 518 982 639 Brief und freue mich, daß Sie und
71 608 1047 722 Arthur ein paar frohe und friedliche
59 668 1031 799 Tage haben verleben können. Ihre
66 775 1046 876 Schilderungen ſind ſehr eindrucks¬
55 824 901 929 voll, und an Ihren Worten iſt ein
63 916 1063 1019 Schimmer von Glück haften geblieben.
208 974 1054 1090 Ihr Brief erfordert eine ausführ¬
66 1053 1072 1166 liche Beantwortung, und ſie ſoll Ihnen
75 1127 1033 1206 werden, ſobald die Arbeit mir ein
56 1168 579 1269 wenig Luft läßt.
130 1229 1054 1330 Eines aber muß ich mir gleich von der
66 1296 1046 1387 Seele ſchreiben. Ich danke Ihnen für
