1207 1435
63 173 1029 300 es doch ein beſſeres Schickſal verdient
73 257 226 333 hätte.
145 327 1016 438 Meine Mutter hat ſich ſehr über
78 375 1030 525 Ihre und Liesls Grüße gefreut und
71 477 1024 590 erwidert ſie auf das Herzlichſte.
159 556 1073 649 Bitte, grüßen Sie meinen lieben
85 603 1052 710 Arthur, wenn er morgen zurück¬
71 693 949 758 kommt, vielmals von mir. Ich
77 765 1054 845 leſ danke ihm für ſeine Karten
81 803 1039 909 von unterwegs und hoffe, bald
63 890 960 1005 Ausführlicheres von ihm zu
91 952 283 1040 hören.
147 1023 934 1155 Wenn Ihnen der blöde Fratz
78 1107 1050 1241 (ich meine natürlich Liesl), erzählt
83 1180 977 1318 hat, daß ich über Sie »geſchimpft«
89 1279 1058 1369 habe, ſo hat ſie wieder einmal
