3747 4636
398 675 1550 735 Möglichermeiſ
1707 721 2033 781 habe
2105 736 2232 796 ich
2305 748 2603 808 auch
2718 764 3058 824 hier

414 878 1624 938 Einvendungen,
1675 941 2539 1001 formmlit,
2623 970 2978 1030 über
3055 978 3241 1038 die

385 1059 623 1119 Du
717 1096 1810 1156 himzeggehört
1940 1139 2297 1199 hoft,
2321 1154 2689 1214 wie
2819 1162 3033 1222 Du

273 1253 355 1313 x
437 1273 796 1333 über
924 1293 1090 1353 die
1237 1310 1687 1370 gegen
1779 1319 1963 1379 die
2092 1327 3056 1387 Beatrice«i

366 1486 1095 1546 meinen
1204 1520 1786 1580 Briefen
1923 1546 3205 1606 himneggeleſen

408 1692 882 1752 haſt.
949 1717 1142 1777 Ich
1266 1732 1606 1792 halbe
1696 1742 2024 1802 nicht
2114 1754 2724 1814 einmal
2838 1779 3335 1839 meine

381 1918 1032 1978 Kritik
1180 1925 1565 1985 über
1693 1938 1900 1998 die
1999 1961 3064 2021 »Lebendigen

406 2126 1171 2186 Stumben
1300 2152 1577 2212 zur
1740 2153 2213 2213 Hand
2310 2153 2522 2213 u.
2570 2165 2978 2225 kann
3027 2196 3368 2256 dahri

340 2320 748 2380 nicht
899 2350 1836 2410 konſtatiren
1966 2360 2107 2420 ob
2267 2365 2472 2425 ſie
2559 2380 3270 2440 wncklich

325 2563 586 2623 ſo
677 2575 938 2635 ohne
1015 2581 1263 2641 jede
1433 2586 2569 2646 Einſcheänkung
2660 2635 3390 2695 tadelnd

424 2806 1030 2866 man,
1069 2810 1397 2870 wr
1516 2807 1734 2867 Du
1853 2809 2876 2869 bahrlipteſt.
2926 2855 3382 2915 Denn

357 3001 942 3061 ohhabe
1095 3023 1404 3083 dieſe
1496 3029 1557 3089 R
1990 3049 2930 3109 Faſprechung
2991 3072 3160 3132 in

347 3231 691 3291 die
802 3260 2222 3320 Sammlungen¬
2279 3271 3089 3331 rasut

340 3475 1308 3535 Kritiltau
1459 3473 1824 3533 nicht
1938 3466 3158 3526 aufgeniimen

351 3704 1122 3764 Warum
1245 3705 1722 3765 nicht?
1858 3691 2273 3751 Weil
2372 3689 2519 3749 ich
2690 3706 3082 3766 nur

333 3899 1059 3959 Damals
1247 3917 1784 3977 ſogte:
1963 3919 2170 3979 die
2275 3924 2878 3984 Kritik
3084 3967 3217 4027 zu

412 4142 1182 4202 ſchreiben,
1266 4127 1692 4187 war
1775 4128 2314 4188 meine
2575 4135 3191 4195 Pflicht
