3747 4627
628 463 1083 523 Deine
1192 462 1951 522 Urteile,
1960 454 2388 514 über
2491 476 3064 536 meine

338 653 1033 713 keitiſche
1165 659 1973 719 Lötigkeit
2178 660 2628 720 haben
2761 685 3088 745 mich

372 841 823 901 alſo
898 848 1162 908 mir
1301 843 1616 903 von
1716 839 1980 899 Dir
2219 879 3211 939 abgeſtoßen

337 979 546 1039 u.
581 990 711 1050 ich
804 1006 1201 1066 mar
1424 1023 1716 1083 feſt
1879 1054 2722 1114 entſchloſſe

371 1190 715 1250 Trot
824 1216 1570 1276 alledem
1665 1227 1927 1287 i
2230 1254 2589 1314 eine
2753 1299 2905 1359 Ah

357 1364 607 1424 Ju
720 1393 1456 1453 erhalteu,
1525 1418 1715 1478 die
1794 1433 2140 1493 mint
2288 1502 2835 1562 ſchon¬
2977 1612 3088 1672 Er

404 1584 744 1644 als
835 1615 1640 1675 zwrärzig
1825 1685 2195 1745 Jahre
2286 1732 2716 1792 alt?

1241 1892 1428 1952 ſo
1553 1902 1784 1962 ſohr
1889 1917 2225 1977 wio
2371 1951 2602 2011 au
346 1823 666 1883 vou
737 1834 932 1894 das

336 2075 1063 2135 unerlich
1155 2119 2090 2179 entfremdet
2239 2150 2678 2210 ſcd,
2736 2170 3082 2230 doch

328 2302 554 2362 li
771 2329 1562 2389 moriis
1667 2360 1884 2420 u.
1971 2387 2736 2447 harzliches

344 2556 923 2616 Gefühl
1028 2567 1266 2627 für
1370 2572 1634 2632 Dich
1752 2579 1976 2639 bei
2122 2601 2543 2661 mir
2674 2666 3214 2726 zurück

413 2770 1198 2830 gablieben
1302 2815 1699 2875 iſt.X

757 3022 1185 3082 Nun
1233 3043 1566 3103 aber
1758 3061 2044 3121 haſt
2139 3078 2346 3138 Du
2506 3109 2679 3169 im
2758 3175 3252 3235 iſene

377 3218 969 3278 letzten
1090 3278 2197 3338 Anteadung
2318 3350 2595 3410 ein
2672 3409 3148 3469 Hrufe

407 3450 1053 3510 Deiner
1169 3513 1889 3573 Mitter
2006 3559 2233 3619 in
2387 3622 3033 3682 Dernen

342 3713 1233 3773 Angeiffen
1360 3766 1842 3826 gagen
1982 3794 2364 3854 mich
2478 3838 2874 3898 eine

446 3977 1023 4037 trenze
1114 4020 2232 4080 überfchritten,
2284 4064 2507 4124 die
2613 4078 2822 4138 Du
