3757 4588
284 453 602 513 und
668 444 1151 504 ſchönen
1260 431 1809 491 Worte.
1864 430 1995 490 Du
2117 430 2346 490 haſt
2413 436 2742 496 ganz
2829 449 3038 509 roch

275 614 788 674 wenn
846 620 971 680 Du
1059 622 1388 682 ſagſt
1494 619 1688 679 daß
1803 619 2084 679 das
2201 620 2520 680 Beſte
2607 634 3100 694 gelebt

289 797 675 857 und
767 803 1051 863 nicht
1096 808 1756 868 geſchrieben
1871 809 2337 869 wird.
2360 812 3020 872 nielleicht

287 983 749 1043 wird
841 984 961 1044 es
1021 982 1253 1042 gut
1355 975 1627 1035 ſein
1787 970 2251 1030 wenn
2321 977 2585 1037 mir
2675 997 2987 1057 fürd

388 1141 722 1201 Erſte
788 1144 1501 1204 übanhaupt
1587 1146 2431 1206 ſvenneiden
2538 1156 2863 1216 über

294 1319 1027 1379 Lteratur
1163 1319 1298 1379 zu
1395 1321 2042 1381 ſprechen.
2148 1332 2466 1392 Aber
2554 1345 2708 1405 in
2756 1368 3258 1428 großen

287 1490 713 1550 Leben
755 1503 1120 1563 bildet
1231 1507 1425 1567 die
1487 1510 2146 1570 Ltoratie
2269 1518 2380 1578 ja
2483 1529 2757 1589 mir
2868 1552 3102 1612 ein

299 1670 785 1730 gronz
867 1680 1434 1740 kleines
1535 1692 2103 1752 Gebiet,
2145 1704 2388 1764 und
2459 1710 2560 1770 es
2611 1719 3057 1779 Neibt

259 1822 669 1882 noch
757 1852 1294 1912 Hamm
1392 1868 1880 1928 genug
1988 1876 2192 1936 für
2291 1882 2544 1942 eine
2633 1891 3249 1951 Freundſ,
3224 2002 3348 2062 ſcht

311 2014 581 2074 die
644 2026 853 2086 auf
902 2040 1371 2100 dieſem
1506 2067 2346 2127 literariſchen
2407 2106 2863 2166 Gebiete
2924 2141 3184 2201 aich

268 2200 693 2260 mehr
753 2238 2040 2298 zufammengehen
2101 2264 2562 2324 kann.
2586 2285 2913 2345 Was
2987 2311 3265 2371 mich

282 2411 1044 2471 anlangt,
1102 2426 1207 2486 ſo
1276 2429 1536 2489 hoffe
1594 2430 1700 2490 ich
1757 2433 1989 2493 Dir
2096 2441 2414 2501 anf.
2481 2472 3002 2532 Fieune
3049 2548 3297 2608 fhaft

286 2590 678 2650 noch
738 2607 892 2667 oft
952 2614 1582 2674 bemeiſen
1654 2615 1784 2675 zu
1904 2622 2546 2682 können,
2582 2647 2808 2707 und
2867 2695 3331 2755 wenn

308 2760 873 2820 wenn
927 2777 1073 2837 Du
1210 2788 1510 2848 mir
1638 2802 2094 2862 Deine
2203 2822 2614 2882 Hände
2732 2849 3125 2909 reichſt

314 2965 512 3025 ſo
588 2956 999 3016 wirſt
1048 2954 1174 3014 Du
1285 2956 1448 3016 die
1497 2968 2096 3028 meinen
2158 3002 2682 3062 immer
2805 3057 3267 3117 bereit

335 3147 965 3207 finden,
1011 3156 1172 3216 ſie
1247 3158 1303 3218 X
1604 3160 1754 3220 in
1820 3163 2177 3223 alter
2261 3174 2657 3234 Treue
2825 3201 3070 3261 und

378 3325 1216 3385 Herzlichkeit
1284 3330 1417 3390 zu
1519 3347 2189 3407 drücken.

650 3542 779 3602 D
1052 3546 1195 3606 Ich
1252 3552 1727 3612 merke
1798 3562 2171 3622 aben,
2214 3570 2401 3630 daß
2501 3579 2644 3639 ich
2746 3590 3032 3650 ain

286 3713 897 3773 wenig
975 3735 1113 3795 in
1162 3744 1340 3804 die
1418 3760 1900 3820 großen
1990 3777 2491 3837 Worte
2630 3787 3133 3847 hinein¬

311 3911 913 3971 gerathen
967 3933 1264 3993 bin.
1296 3949 1572 4009 Das
1624 3961 1740 4021 iſt
1814 3985 2641 4045 überfluſſig,
2683 4008 2949 4068 und
3075 4016 3128 4076 ¬

358 4109 895 4169 denke,
1051 4131 1310 4191 mir
1495 4155 1847 4215 zwei
2023 4172 2512 4232 verſtih
2529 4198 2771 4258 han
2889 4198 3110 4258 aus
