1209 1434
228 125 1027 243 Hoffentlich ſind Sie wieder in
146 238 1109 358 guter Stimmung, wenn dieſer Brief
139 310 1102 429 ankommt. Iſt das Leben wirklich ſo
155 393 1138 497 bitter? Ich finde aber, alle Bitterkeit
154 482 1068 592 macht auch nichts, wenn es X
109 533 217 566 nur
168 560 1141 668 hier und da einen ſüßen Schluck
159 621 1155 756 gibt. Nur ganz ohne feſXk ſüßen
156 709 1086 836 Schluck iſt es ſchwer zu tragen.
310 811 1086 932 Ihr Bild ſoll willkommen
147 897 311 982 ſein.
244 985 1116 1120 Ich habe Ihnen lange nicht geant¬
145 1084 1110 1179 wortet, weil ich wenig Zeit zum
164 1136 1102 1256 Schreiben habe und weil – weil
185 1247 1031 1347 – weil ich nicht recht wußte,
