3755 4623
2317 451 2525 511 19.
2542 455 2646 515 4.
2689 454 2758 514 10

2041 650 2167 710 a.
2179 655 2804 715 RAfinhuchcRicea
2842 655 2870 715 s

901 986 1318 1046 Céber
1361 991 1764 1051 Germ

826 1276 1203 1336 Worn
1342 1283 1670 1343 Wetrr
1734 1288 2313 1348 Mlempsa
2440 1282 2540 1342 de
2642 1275 2805 1335 dos
2869 1264 3057 1324 aus

461 1450 873 1510 Hllieu
1001 1457 1726 1517 örrtefffidin
1808 1465 2559 1525 Atesanschau
2623 1452 2788 1512 brt
2825 1442 2980 1502 als

469 1621 645 1681 (a
754 1632 1058 1692 zhon
1136 1642 1685 1702 fhisanirt
1783 1642 2303 1702 fekaunt
2372 1637 2549 1697 iet,
2568 1630 2970 1690 mirshte
3048 1618 3344 1678 bch.

422 1800 728 1860 Auch
838 1819 1372 1879 possonlist
1491 1822 1926 1882 kennen
2015 1814 2491 1874 fonien,
2521 1802 2995 1862 anshat

496 1998 773 2058 mioh
896 2003 1142 2063 pui
1246 2005 1492 2065 euie
1564 1999 2406 2059 Druputiiug,
2427 1990 2539 2050 ba
2653 1983 2786 2043 bi
2889 1972 3289 2032 Ggebeten

451 2215 692 2275 dut
752 2212 884 2272 Mh
969 2209 1246 2269 ihui
1306 2205 1571 2265 urt
1656 2200 2234 2260 Haguisgel
2367 2192 2644 2252 gebe.
2692 2189 2740 2249 M
2897 2182 3186 2242 trre,

423 2412 669 2472 Aap
755 2414 781 2474 A
916 2413 1682 2473 feabrichligl,
1731 2407 2076 2467 auch,
2113 2403 2238 2463 jm
2361 2396 2620 2456 Ouch
2719 2389 2941 2449 jbes
3028 2383 3224 2443 bun

469 2580 626 2640 gu
725 2598 1257 2658 nouibui,
1286 2603 1494 2663 pune
1573 2602 1700 2662 jb
1820 2595 2155 2655 risté
2244 2584 2519 2644 mucl
2628 2571 3033 2631 Gretien,
3052 2560 3318 2620 drani

421 2773 797 2833 Allses
872 2776 1108 2836 Wost
1211 2773 1747 2833 zuspanre
1879 2765 2293 2825 kane.
2359 2758 2472 2818 Ue
2595 2751 2810 2811 btte
2905 2743 3186 2803 Oreh,

426 2971 757 3031 Wsan
877 2961 1482 3021 Mauiposer
1592 2949 2155 3009 preundtit
2246 2922 3141 2982 aupuuehmeu,

431 3141 749 3201 uus
821 3140 1255 3200 fegauſe
1386 3145 1618 3205 Oreh
1733 3151 2182 3211 bantrel

1080 3550 1353 3610 ein

1354 3927 1995 3987 Paul
2379 3992 2825 4052 Golefl
