1148 1440
67 95 1025 239 Phyſiſch: denn ich habe mir in dieſem
60 206 965 329 Winter zuviel zugemuthet, habe
57 278 990 389 mein Gehirn überſpannt, und meine
55 338 1018 459 Nerven wollen gar nicht mehr mit.
54 401 1006 544 Moraliſch: denn ich habe einen Ekel
70 482 891 602 vor meinem Beruf und vor
70 585 1001 683 meinem Leben, den ich Ihnen mit
65 638 1077 783 Worten überhaupt nicht begreiflich machen
67 715 1002 856 kann. Ich hätte Ihnen gern mehr
45 771 1014 915 und auch heiterer geſchrieben. Aber
65 867 979 989 es geht nicht. Grüßen Sie Arthur,
55 960 1044 1095 das Fräulein Liesl (der ich demnächſt
50 1018 1064 1173 ſchreiben werde) und ſeien Sie ſelbſt
68 1107 1010 1236 vielmals und herzlichſt gegrüßt
82 1192 868 1305 von Ihrem ergebenen
126 1280 799 1394 Dr. Paul Goldmann.
