3975 2969
997 410 1391 470 Berlin,
1493 413 1639 473 den
1741 412 1899 472 19.
2001 410 2171 470 Mai
2249 406 2486 466 1931

947 717 1314 777 Lieber
1425 718 1849 778 Freund,

466 922 617 982 Ich
714 920 995 980 danke
1092 919 1242 979 Dir
1341 919 1956 979 herzlichst
2053 919 2203 979 für
2301 917 2452 977 die
2549 917 2646 977 so
2733 916 3467 976 überraschend

345 1025 815 1085 schnelle
904 1024 1576 1084 Übersendung
1676 1024 1833 1084 der
1933 1022 2280 1082 beiden
2370 1020 2785 1080 Bücher.
2874 1018 3042 1078 Den
3131 1016 3489 1076 Roman,

329 1129 471 1189 den
569 1129 735 1189 ich
833 1127 1557 1187 zurücksenden
1656 1124 1952 1184 muss,
2039 1123 2324 1183 werde
2423 1121 2577 1181 ich
2675 1120 2773 1180 so
2862 1120 3158 1180 rasch
3245 1120 3411 1180 als

322 1232 735 1292 möglich
836 1231 1184 1291 lesen.
1284 1228 1755 1288 Immerhin
1856 1224 2260 1284 könnten
2360 1222 2708 1282 einige
2809 1217 3155 1277 Wochen
3246 1214 3727 1274 vergehen

335 1336 479 1396 und
582 1335 737 1395 ich
840 1333 1119 1393 bitte
1212 1331 1502 1391 Dich,
1594 1328 2069 1388 trotzdem
2172 1325 2399 1385 ganz
2482 1323 2832 1383 sicher
2936 1322 3029 1382 zu
3123 1321 3402 1381 sein,

2727 1424 2887 1484 die
2979 1423 3415 1483 Widmung
337 1436 557 1496 dass
651 1435 746 1495 Di
839 1433 1374 1493 Dein-Buch
1479 1432 2400 1492 zurückbekommst.
2495 1428 2589 1488 Fü

341 1540 423 1600 in
526 1540 671 1600 dem
773 1537 1247 1597 Exemplar
1351 1535 1691 1595 Deines
1794 1532 2464 1592 Schauspiels
2557 1528 2835 1588 danke
2939 1525 3093 1585 ich
3186 1522 3352 1582 Di¬

335 1643 546 1703 noch
637 1642 869 1702 ganz
970 1638 1566 1698 besonders.
1667 1635 1819 1695 Ich
1909 1633 2334 1693 wünsche
2434 1629 2587 1689 Dir
2687 1626 3222 1686 angenehme
3323 1622 3353 1682 T

327 1747 479 1807 auf
571 1745 725 1805 dem
827 1743 1369 1803 Semmering
1472 1741 1624 1801 und
1727 1738 2268 1798 verbleibe
2361 1735 2513 1795 mit
2616 1729 3219 1789 herzlichen
3311 1724 3341 1784 G

2242 1938 2495 1998 Dein

2510 2388 3503 2448 Splelosn
