6510 3660
3737 329 5248 459 Sehr geehrter Herr Dr.
3343 502 6209 658 Bitte entschuldigen Sie, daſs ich Ihnen
3307 687 6179 891 erst jetzt für die Mühe danke, die Sie
3373 923 6066 1073 sich machten, indem Sie mir Ihr
3337 1114 6173 1256 reizendes Buch schickten. Ich war
3343 1284 6191 1434 aber sehr neugierig darauf und
3289 1457 6119 1650 wollte es zuerst auslesen. Es hat
3313 1654 6030 1839 mir Xvon Anfang bis Ende den
3343 1815 6227 2022 größten Spaß gemacht, besonders
3319 2034 6227 2215 der Schluſs, den ich sehr aufregend
3361 2206 6036 2389 und tragisch finde., und ist
3343 2370 6143 2557 eines der schönsten Bücher, die ich
3379 2573 6179 2770 gelesen habe. Über die Widmung
3355 2812 6197 3023 sind meine sämtlichen Freunde
3355 2968 4477 3178 zersprungen.
