<?xml version="1.0" encoding="UTF-8" standalone="yes"?>
<PcGts xmlns="http://schema.primaresearch.org/PAGE/gts/pagecontent/2013-07-15" xmlns:xsi="http://www.w3.org/2001/XMLSchema-instance" xsi:schemaLocation="http://schema.primaresearch.org/PAGE/gts/pagecontent/2013-07-15 http://schema.primaresearch.org/PAGE/gts/pagecontent/2013-07-15/pagecontent.xsd">
    <Metadata>
        <Creator>prov=READ-COOP:name=PyLaia@TranskribusPlatform:version=0.7.1:model_id=37545:lm=none:date=15_06_2022_09:16
prov=READ-COOP:name=PyLaia@Transkribus:version=0.7.1:model_id=37545:date=15_06_2022_09:16
prov=University of Rostock/Institute of Mathematics/CITlab|PLANET AI GmbH/Tobias Gruening/tobias.gruening@planet-ai.de:name=de.uros.citlab.module.baseline2polygon.B2PSeamMultiOriented:v=2.6.7</Creator>
        <Created>2022-03-31T12:10:54.898+02:00</Created>
        <LastChange>2023-11-13T11:57:36.181+01:00</LastChange>
        <TranskribusMetadata docId="958794" pageId="37205253" pageNr="5" tsid="139423768" status="IN_PROGRESS" userId="64420" imgUrl="https://files.transkribus.eu/Get?id=KKTDBELKSKFMRNZSYKTXKOHZ&amp;fileType=view" xmlUrl="https://files.transkribus.eu/Get?id=ZOHUGWJYFQVVHPKOIEPTMRJO" imageId="30005423"/>
    </Metadata>
    <Page imageFilename="HS.NZ85.0001.03176_0045.jpg" imageWidth="5677" imageHeight="7196">
        <ReadingOrder>
            <OrderedGroup id="ro_1700463549965" caption="Regions reading order">
                <RegionRefIndexed index="0" regionRef="r1"/>
            </OrderedGroup>
        </ReadingOrder>
        <TextRegion orientation="0.0" id="r1" custom="readingOrder {index:0;}">
            <Coords points="510,760 510,5769 5202,5769 5202,760"/>
            <TextLine id="r1l5" custom="readingOrder {index:0;} dateline {offset:0; length:9;} opener {offset:0; length:9; continued:true;} date {offset:0; length:8;} letter-begin {offset:0; length:0;}">
                <Coords points="4208,998 4346,1028 4398,1005 4438,1046 4513,1053 4594,1030 4680,1060 4779,1015 4836,1027 4837,946 4659,864 4503,856 4457,885 4440,867 4347,884 4307,855 4209,859"/>
                <Baseline points="4234,992 4262,994 4291,994 4320,995 4349,996 4378,996 4406,996 4435,997 4464,998 4493,998 4522,998 4550,998 4579,998 4608,999 4637,1000 4666,1000 4694,1000 4723,998 4752,998 4781,998 4810,998"/>
                <Word id="r1l5_w1" custom="readingOrder {index:0;}">
                    <Coords points="4223,954 4223,1014 4324,1014 4324,954"/>
                    <TextEquiv>
                        <Unicode>2.</Unicode>
                    </TextEquiv>
                </Word>
                <Word id="r1l5_w2" custom="readingOrder {index:1;}">
                    <Coords points="4413,958 4413,1018 4527,1018 4527,958"/>
                    <TextEquiv>
                        <Unicode>8.</Unicode>
                    </TextEquiv>
                </Word>
                <Word id="r1l5_w3" custom="readingOrder {index:2;}">
                    <Coords points="4617,959 4617,1019 4795,1019 4795,959"/>
                    <TextEquiv>
                        <Unicode>31.</Unicode>
                    </TextEquiv>
                </Word>
                <TextEquiv>
                    <Unicode>2. 8. 31.</Unicode>
                </TextEquiv>
            </TextLine>
            <TextLine id="r1l7" custom="readingOrder {index:1;} salute {offset:0; length:14;} opener {offset:0; length:14; continued:true;}">
                <Coords points="1993,2349 2120,2367 2212,2333 2281,2362 2362,2328 2598,2393 2673,2359 2967,2384 2968,2246 2726,2169 2565,2220 2276,2178 2172,2241 2103,2188 1994,2193"/>
                <Baseline points="2020,2310 2066,2312 2112,2312 2158,2314 2204,2314 2250,2314 2296,2314 2342,2314 2388,2314 2434,2312 2480,2312 2526,2312 2572,2312 2618,2312 2664,2312 2710,2314 2756,2314 2802,2316 2848,2318 2894,2321 2940,2324"/>
                <Word id="r1l7_w1" custom="readingOrder {index:0;}">
                    <Coords points="2006,2274 2006,2334 2394,2334 2394,2274"/>
                    <TextEquiv>
                        <Unicode>Lieber</Unicode>
                    </TextEquiv>
                </Word>
                <Word id="r1l7_w2" custom="readingOrder {index:1;}">
                    <Coords points="2503,2274 2503,2334 2964,2334 2964,2274"/>
                    <TextEquiv>
                        <Unicode>Freund,</Unicode>
                    </TextEquiv>
                </Word>
                <TextEquiv>
                    <Unicode>Lieber Freund,</Unicode>
                </TextEquiv>
            </TextLine>
            <TextLine id="r1l8" custom="readingOrder {index:2;} structure {type:paragraph;} work {offset:52; length:4;}">
                <Coords points="807,2768 4943,2795 5110,2616 806,2594"/>
                <Baseline points="838,2718 1050,2718 1262,2718 1474,2718 1687,2718 1899,2718 2111,2718 2324,2716 2536,2716 2748,2716 2961,2714 3173,2714 3385,2714 3597,2712 3810,2712 4022,2712 4234,2712 4447,2712 4659,2712 4871,2714 5084,2714"/>
                <Word id="r1l8_w1" custom="readingOrder {index:0;}">
                    <Coords points="816,2678 816,2738 966,2738 966,2678"/>
                    <TextEquiv>
                        <Unicode>Als</Unicode>
                    </TextEquiv>
                </Word>
                <Word id="r1l8_w2" custom="readingOrder {index:1;}">
                    <Coords points="1066,2678 1066,2738 1941,2738 1941,2678"/>
                    <TextEquiv>
                        <Unicode>rekommandierte</Unicode>
                    </TextEquiv>
                </Word>
                <Word id="r1l8_w3" custom="readingOrder {index:2;}">
                    <Coords points="2031,2676 2031,2736 2635,2736 2635,2676"/>
                    <TextEquiv>
                        <Unicode>Drucksache</Unicode>
                    </TextEquiv>
                </Word>
                <Word id="r1l8_w4" custom="readingOrder {index:3;}">
                    <Coords points="2726,2674 2726,2734 3278,2734 3278,2674"/>
                    <TextEquiv>
                        <Unicode>übersende</Unicode>
                    </TextEquiv>
                </Word>
                <Word id="r1l8_w5" custom="readingOrder {index:4;}">
                    <Coords points="3379,2673 3379,2733 3530,2733 3530,2673"/>
                    <TextEquiv>
                        <Unicode>ich</Unicode>
                    </TextEquiv>
                </Word>
                <Word id="r1l8_w6" custom="readingOrder {index:5;}">
                    <Coords points="3631,2672 3631,2732 3791,2732 3791,2672"/>
                    <TextEquiv>
                        <Unicode>Dir</Unicode>
                    </TextEquiv>
                </Word>
                <Word id="r1l8_w7" custom="readingOrder {index:6;}">
                    <Coords points="3892,2672 3892,2732 4053,2732 4053,2672"/>
                    <TextEquiv>
                        <Unicode>das</Unicode>
                    </TextEquiv>
                </Word>
                <Word id="r1l8_w8" custom="readingOrder {index:7;}">
                    <Coords points="4143,2672 4143,2732 4435,2732 4435,2672"/>
                    <TextEquiv>
                        <Unicode>Buch,</Unicode>
                    </TextEquiv>
                </Word>
                <Word id="r1l8_w9" custom="readingOrder {index:8;}">
                    <Coords points="4535,2672 4535,2732 4697,2732 4697,2672"/>
                    <TextEquiv>
                        <Unicode>das</Unicode>
                    </TextEquiv>
                </Word>
                <Word id="r1l8_w10" custom="readingOrder {index:9;}">
                    <Coords points="4787,2673 4787,2733 4888,2733 4888,2673"/>
                    <TextEquiv>
                        <Unicode>Du</Unicode>
                    </TextEquiv>
                </Word>
                <Word id="r1l8_w11" custom="readingOrder {index:10;}">
                    <Coords points="4978,2674 4978,2734 5078,2734 5078,2674"/>
                    <TextEquiv>
                        <Unicode>so</Unicode>
                    </TextEquiv>
                </Word>
                <TextEquiv>
                    <Unicode>Als rekommandierte Drucksache übersende ich Dir das Buch, das Du so</Unicode>
                </TextEquiv>
            </TextLine>
            <TextLine id="r1l9" custom="readingOrder {index:3;}">
                <Coords points="491,2976 5164,2983 5008,2799 491,2814"/>
                <Baseline points="518,2924 748,2926 979,2928 1210,2928 1440,2928 1671,2928 1902,2928 2132,2928 2363,2928 2594,2926 2825,2926 3055,2924 3286,2924 3517,2922 3747,2922 3978,2920 4209,2920 4439,2920 4670,2920 4901,2920 5132,2920"/>
                <Word id="r1l9_w1" custom="readingOrder {index:0;}">
                    <Coords points="503,2886 503,2946 1109,2946 1109,2886"/>
                    <TextEquiv>
                        <Unicode>freundlich</Unicode>
                    </TextEquiv>
                </Word>
                <Word id="r1l9_w2" custom="readingOrder {index:1;}">
                    <Coords points="1189,2888 1189,2948 1555,2948 1555,2888"/>
                    <TextEquiv>
                        <Unicode>warst,</Unicode>
                    </TextEquiv>
                </Word>
                <Word id="r1l9_w3" custom="readingOrder {index:2;}">
                    <Coords points="1635,2888 1635,2948 1808,2948 1808,2888"/>
                    <TextEquiv>
                        <Unicode>mir</Unicode>
                    </TextEquiv>
                </Word>
                <Word id="r1l9_w4" custom="readingOrder {index:3;}">
                    <Coords points="1899,2888 1899,2948 2002,2948 2002,2888"/>
                    <TextEquiv>
                        <Unicode>zu</Unicode>
                    </TextEquiv>
                </Word>
                <Word id="r1l9_w5" custom="readingOrder {index:4;}">
                    <Coords points="2094,2888 2094,2948 2506,2948 2506,2888"/>
                    <TextEquiv>
                        <Unicode>borgen,</Unicode>
                    </TextEquiv>
                </Word>
                <Word id="r1l9_w6" custom="readingOrder {index:5;}">
                    <Coords points="2609,2886 2609,2946 2769,2946 2769,2886"/>
                    <TextEquiv>
                        <Unicode>und</Unicode>
                    </TextEquiv>
                </Word>
                <Word id="r1l9_w7" custom="readingOrder {index:6;}">
                    <Coords points="2861,2884 2861,2944 3021,2944 3021,2884"/>
                    <TextEquiv>
                        <Unicode>ich</Unicode>
                    </TextEquiv>
                </Word>
                <Word id="r1l9_w8" custom="readingOrder {index:7;}">
                    <Coords points="3124,2884 3124,2944 3410,2944 3410,2884"/>
                    <TextEquiv>
                        <Unicode>danke</Unicode>
                    </TextEquiv>
                </Word>
                <Word id="r1l9_w9" custom="readingOrder {index:8;}">
                    <Coords points="3501,2882 3501,2942 3662,2942 3662,2882"/>
                    <TextEquiv>
                        <Unicode>Dir</Unicode>
                    </TextEquiv>
                </Word>
                <Word id="r1l9_w10" custom="readingOrder {index:9;}">
                    <Coords points="3754,2880 3754,2940 4234,2940 4234,2880"/>
                    <TextEquiv>
                        <Unicode>herzlich</Unicode>
                    </TextEquiv>
                </Word>
                <Word id="r1l9_w11" custom="readingOrder {index:10;}">
                    <Coords points="4314,2880 4314,2940 4692,2940 4692,2880"/>
                    <TextEquiv>
                        <Unicode>dafür.</Unicode>
                    </TextEquiv>
                </Word>
                <Word id="r1l9_w12" custom="readingOrder {index:11;}">
                    <Coords points="4784,2880 4784,2940 4887,2940 4887,2880"/>
                    <TextEquiv>
                        <Unicode>Es</Unicode>
                    </TextEquiv>
                </Word>
                <Word id="r1l9_w13" custom="readingOrder {index:12;}">
                    <Coords points="4978,2880 4978,2940 5149,2940 5149,2880"/>
                    <TextEquiv>
                        <Unicode>hat</Unicode>
                    </TextEquiv>
                </Word>
                <TextEquiv>
                    <Unicode>freundlich warst, mir zu borgen, und ich danke Dir herzlich dafür. Es hat</Unicode>
                </TextEquiv>
            </TextLine>
            <TextLine id="r1l10" custom="readingOrder {index:4;}">
                <Coords points="494,3190 4826,3214 5166,3179 5166,3012 493,3034"/>
                <Baseline points="522,3132 752,3134 983,3136 1214,3136 1444,3138 1675,3138 1906,3138 2136,3138 2367,3138 2598,3138 2829,3138 3059,3137 3290,3136 3521,3136 3751,3134 3982,3134 4213,3134 4443,3132 4674,3132 4905,3132 5136,3130"/>
                <Word id="r1l10_w1" custom="readingOrder {index:0;}">
                    <Coords points="493,3092 493,3152 716,3152 716,3092"/>
                    <TextEquiv>
                        <Unicode>mich</Unicode>
                    </TextEquiv>
                </Word>
                <Word id="r1l10_w2" custom="readingOrder {index:1;}">
                    <Coords points="807,3095 807,3155 1031,3155 1031,3095"/>
                    <TextEquiv>
                        <Unicode>sehr</Unicode>
                    </TextEquiv>
                </Word>
                <Word id="r1l10_w3" custom="readingOrder {index:2;}">
                    <Coords points="1132,3098 1132,3158 1934,3158 1934,3098"/>
                    <TextEquiv>
                        <Unicode>interessiert,</Unicode>
                    </TextEquiv>
                </Word>
                <Word id="r1l10_w4" custom="readingOrder {index:3;}">
                    <Coords points="2025,3098 2025,3158 2189,3158 2189,3098"/>
                    <TextEquiv>
                        <Unicode>und</Unicode>
                    </TextEquiv>
                </Word>
                <Word id="r1l10_w5" custom="readingOrder {index:4;}">
                    <Coords points="2280,3098 2280,3158 2442,3158 2442,3098"/>
                    <TextEquiv>
                        <Unicode>ich</Unicode>
                    </TextEquiv>
                </Word>
                <Word id="r1l10_w6" custom="readingOrder {index:5;}">
                    <Coords points="2543,3098 2543,3158 2889,3158 2889,3098"/>
                    <TextEquiv>
                        <Unicode>finde,</Unicode>
                    </TextEquiv>
                </Word>
                <Word id="r1l10_w7" custom="readingOrder {index:6;}">
                    <Coords points="2991,3096 2991,3156 3215,3156 3215,3096"/>
                    <TextEquiv>
                        <Unicode>dass</Unicode>
                    </TextEquiv>
                </Word>
                <Word id="r1l10_w8" custom="readingOrder {index:7;}">
                    <Coords points="3306,3096 3306,3156 3468,3156 3468,3096"/>
                    <TextEquiv>
                        <Unicode>es,</Unicode>
                    </TextEquiv>
                </Word>
                <Word id="r1l10_w9" custom="readingOrder {index:8;}">
                    <Coords points="3569,3094 3569,3154 3783,3154 3783,3094"/>
                    <TextEquiv>
                        <Unicode>auch</Unicode>
                    </TextEquiv>
                </Word>
                <Word id="r1l10_w10" custom="readingOrder {index:9;}">
                    <Coords points="3885,3094 3885,3154 4423,3154 4423,3094"/>
                    <TextEquiv>
                        <Unicode>abgesehen</Unicode>
                    </TextEquiv>
                </Word>
                <Word id="r1l10_w11" custom="readingOrder {index:10;}">
                    <Coords points="4535,3092 4535,3152 4688,3152 4688,3092"/>
                    <TextEquiv>
                        <Unicode>von</Unicode>
                    </TextEquiv>
                </Word>
                <Word id="r1l10_w12" custom="readingOrder {index:11;}">
                    <Coords points="4779,3091 4779,3151 5134,3151 5134,3091"/>
                    <TextEquiv>
                        <Unicode>seinen</Unicode>
                    </TextEquiv>
                </Word>
                <TextEquiv>
                    <Unicode>mich sehr interessiert, und ich finde, dass es, auch abgesehen von seinen</Unicode>
                </TextEquiv>
            </TextLine>
            <TextLine id="r1l11" custom="readingOrder {index:5;}">
                <Coords points="492,3392 3814,3420 3982,3258 491,3253"/>
                <Baseline points="522,3346 693,3346 865,3347 1036,3348 1208,3348 1380,3350 1551,3350 1723,3350 1894,3350 2066,3351 2238,3352 2409,3352 2581,3352 2752,3350 2924,3350 3096,3350 3267,3348 3439,3348 3610,3346 3782,3344 3954,3342"/>
                <Word id="r1l11_w1" custom="readingOrder {index:0;}">
                    <Coords points="502,3306 502,3366 1104,3366 1104,3306"/>
                    <TextEquiv>
                        <Unicode>erotischen</Unicode>
                    </TextEquiv>
                </Word>
                <Word id="r1l11_w2" custom="readingOrder {index:1;}">
                    <Coords points="1209,3310 1209,3370 2087,3370 2087,3310"/>
                    <TextEquiv>
                        <Unicode>Schilderungen,</Unicode>
                    </TextEquiv>
                </Word>
                <Word id="r1l11_w3" custom="readingOrder {index:2;}">
                    <Coords points="2182,3312 2182,3372 2744,3372 2744,3312"/>
                    <TextEquiv>
                        <Unicode>verdient,</Unicode>
                    </TextEquiv>
                </Word>
                <Word id="r1l11_w4" custom="readingOrder {index:3;}">
                    <Coords points="2838,3310 2838,3370 3251,3370 3251,3310"/>
                    <TextEquiv>
                        <Unicode>gelesen</Unicode>
                    </TextEquiv>
                </Word>
                <Word id="r1l11_w5" custom="readingOrder {index:4;}">
                    <Coords points="3356,3308 3356,3368 3451,3368 3451,3308"/>
                    <TextEquiv>
                        <Unicode>zu</Unicode>
                    </TextEquiv>
                </Word>
                <Word id="r1l11_w6" custom="readingOrder {index:5;}">
                    <Coords points="3547,3304 3547,3364 3969,3364 3969,3304"/>
                    <TextEquiv>
                        <Unicode>werden.</Unicode>
                    </TextEquiv>
                </Word>
                <TextEquiv>
                    <Unicode>erotischen Schilderungen, verdient, gelesen zu werden.</Unicode>
                </TextEquiv>
            </TextLine>
            <TextLine id="r1l12" custom="readingOrder {index:6;} structure {type:paragraph;} place {offset:46; length:4;}">
                <Coords points="812,3638 5231,3608 5231,3446 4475,3460 4302,3322 3552,3468 812,3395"/>
                <Baseline points="840,3552 1058,3554 1276,3556 1494,3556 1712,3556 1930,3556 2148,3556 2366,3554 2584,3554 2802,3552 3021,3552 3239,3550 3457,3548 3675,3548 3893,3546 4111,3546 4329,3546 4547,3546 4765,3546 4983,3546 5202,3548"/>
                <Word id="r1l12_w1" custom="readingOrder {index:0;}">
                    <Coords points="837,3512 837,3572 990,3572 990,3512"/>
                    <TextEquiv>
                        <Unicode>Ich</Unicode>
                    </TextEquiv>
                </Word>
                <Word id="r1l12_w2" custom="readingOrder {index:1;}">
                    <Coords points="1073,3515 1073,3575 1439,3575 1439,3515"/>
                    <TextEquiv>
                        <Unicode>hoffe,</Unicode>
                    </TextEquiv>
                </Word>
                <Word id="r1l12_w3" custom="readingOrder {index:2;}">
                    <Coords points="1535,3516 1535,3576 1759,3576 1759,3516"/>
                    <TextEquiv>
                        <Unicode>dass</Unicode>
                    </TextEquiv>
                </Word>
                <Word id="r1l12_w4" custom="readingOrder {index:3;}">
                    <Coords points="1855,3516 1855,3576 2067,3576 2067,3516"/>
                    <TextEquiv>
                        <Unicode>Dich</Unicode>
                    </TextEquiv>
                </Word>
                <Word id="r1l12_w5" custom="readingOrder {index:4;}">
                    <Coords points="2161,3514 2161,3574 2446,3574 2446,3514"/>
                    <TextEquiv>
                        <Unicode>meine</Unicode>
                    </TextEquiv>
                </Word>
                <Word id="r1l12_w6" custom="readingOrder {index:5;}">
                    <Coords points="2541,3512 2541,3572 3085,3572 3085,3512"/>
                    <TextEquiv>
                        <Unicode>Sendungen</Unicode>
                    </TextEquiv>
                </Word>
                <Word id="r1l12_w7" custom="readingOrder {index:6;}">
                    <Coords points="3179,3509 3179,3569 3476,3569 3476,3509"/>
                    <TextEquiv>
                        <Unicode>nicht</Unicode>
                    </TextEquiv>
                </Word>
                <Word id="r1l12_w8" custom="readingOrder {index:7;}">
                    <Coords points="3559,3508 3559,3568 3654,3568 3654,3508"/>
                    <TextEquiv>
                        <Unicode>in</Unicode>
                    </TextEquiv>
                </Word>
                <Word id="r1l12_w9" custom="readingOrder {index:8;}">
                    <Coords points="3748,3506 3748,3566 3973,3566 3973,3506"/>
                    <TextEquiv>
                        <Unicode>Wien</Unicode>
                    </TextEquiv>
                </Word>
                <Word id="r1l12_w10" custom="readingOrder {index:9;}">
                    <Coords points="4068,3506 4068,3566 4613,3566 4613,3506"/>
                    <TextEquiv>
                        <Unicode>erreichen</Unicode>
                    </TextEquiv>
                </Word>
                <Word id="r1l12_w11" custom="readingOrder {index:10;}">
                    <Coords points="4707,3506 4707,3566 4860,3566 4860,3506"/>
                    <TextEquiv>
                        <Unicode>und</Unicode>
                    </TextEquiv>
                </Word>
                <Word id="r1l12_w12" custom="readingOrder {index:11;}">
                    <Coords points="4968,3506 4968,3566 5180,3566 5180,3506"/>
                    <TextEquiv>
                        <Unicode>dass</Unicode>
                    </TextEquiv>
                </Word>
                <TextEquiv>
                    <Unicode>Ich hoffe, dass Dich meine Sendungen nicht in Wien erreichen und dass</Unicode>
                </TextEquiv>
            </TextLine>
            <TextLine id="r1l13" custom="readingOrder {index:7;}">
                <Coords points="482,3801 5120,3774 5016,3635 3840,3596 482,3657"/>
                <Baseline points="510,3754 739,3756 968,3758 1197,3758 1426,3760 1656,3760 1885,3758 2114,3758 2343,3758 2572,3756 2802,3756 3031,3756 3260,3754 3489,3754 3718,3754 3948,3754 4177,3754 4406,3754 4635,3754 4864,3756 5094,3758"/>
                <Word id="r1l13_w1" custom="readingOrder {index:0;}">
                    <Coords points="482,3714 482,3774 569,3774 569,3714"/>
                    <TextEquiv>
                        <Unicode>Du</Unicode>
                    </TextEquiv>
                </Word>
                <Word id="r1l13_w2" custom="readingOrder {index:1;}">
                    <Coords points="667,3715 667,3775 764,3775 764,3715"/>
                    <TextEquiv>
                        <Unicode>an</Unicode>
                    </TextEquiv>
                </Word>
                <Word id="r1l13_w3" custom="readingOrder {index:2;}">
                    <Coords points="863,3718 863,3778 1537,3778 1537,3718"/>
                    <TextEquiv>
                        <Unicode>irgendeinem</Unicode>
                    </TextEquiv>
                </Word>
                <Word id="r1l13_w4" custom="readingOrder {index:3;}">
                    <Coords points="1636,3718 1636,3778 2060,3778 2060,3718"/>
                    <TextEquiv>
                        <Unicode>schönen</Unicode>
                    </TextEquiv>
                </Word>
                <Word id="r1l13_w5" custom="readingOrder {index:4;}">
                    <Coords points="2158,3716 2158,3776 2898,3776 2898,3716"/>
                    <TextEquiv>
                        <Unicode>Erholungsort</Unicode>
                    </TextEquiv>
                </Word>
                <Word id="r1l13_w6" custom="readingOrder {index:5;}">
                    <Coords points="2996,3714 2996,3774 3355,3774 3355,3714"/>
                    <TextEquiv>
                        <Unicode>Deinen</Unicode>
                    </TextEquiv>
                </Word>
                <Word id="r1l13_w7" custom="readingOrder {index:6;}">
                    <Coords points="3453,3714 3453,3774 4519,3774 4519,3714"/>
                    <TextEquiv>
                        <Unicode>Sommerverbringst.</Unicode>
                    </TextEquiv>
                </Word>
                <Word id="r1l13_w8" custom="readingOrder {index:7;}">
                    <Coords points="4617,3714 4617,3774 4770,3774 4770,3714"/>
                    <TextEquiv>
                        <Unicode>Ich</Unicode>
                    </TextEquiv>
                </Word>
                <Word id="r1l13_w9" custom="readingOrder {index:8;}">
                    <Coords points="4868,3717 4868,3777 5096,3777 5096,3717"/>
                    <TextEquiv>
                        <Unicode>gehe</Unicode>
                    </TextEquiv>
                </Word>
                <TextEquiv>
                    <Unicode>Du an irgendeinem schönen Erholungsort Deinen Sommer verbringst. Ich gehe</Unicode>
                </TextEquiv>
            </TextLine>
            <TextLine id="r1l14" custom="readingOrder {index:8;} place {offset:19; length:20;}">
                <Coords points="509,4015 2649,3991 3088,4066 3024,3858 509,3813"/>
                <Baseline points="536,3958 662,3960 788,3960 914,3962 1040,3962 1167,3963 1293,3964 1419,3964 1545,3964 1671,3964 1798,3964 1924,3964 2050,3962 2176,3962 2302,3962 2429,3962 2555,3962 2681,3960 2807,3960 2933,3960 3060,3960"/>
                <Word id="r1l14_w1" custom="readingOrder {index:0;}">
                    <Coords points="519,3920 519,3980 998,3980 998,3920"/>
                    <TextEquiv>
                        <Unicode>nächster</Unicode>
                    </TextEquiv>
                </Word>
                <Word id="r1l14_w2" custom="readingOrder {index:1;}">
                    <Coords points="1103,3923 1103,3983 1333,3983 1333,3923"/>
                    <TextEquiv>
                        <Unicode>Tage</Unicode>
                    </TextEquiv>
                </Word>
                <Word id="r1l14_w3" custom="readingOrder {index:2;}">
                    <Coords points="1427,3924 1427,3984 1646,3984 1646,3924"/>
                    <TextEquiv>
                        <Unicode>nach</Unicode>
                    </TextEquiv>
                </Word>
                <Word id="r1l14_w4" custom="readingOrder {index:3;}">
                    <Coords points="1750,3923 1750,3983 2106,3983 2106,3923"/>
                    <TextEquiv>
                        <Unicode>Velden</Unicode>
                    </TextEquiv>
                </Word>
                <Word id="r1l14_w5" custom="readingOrder {index:4;}">
                    <Coords points="2210,3922 2210,3982 2303,3982 2303,3922"/>
                    <TextEquiv>
                        <Unicode>am</Unicode>
                    </TextEquiv>
                </Word>
                <Word id="r1l14_w6" custom="readingOrder {index:5;}">
                    <Coords points="2398,3920 2398,3980 3075,3980 3075,3920"/>
                    <TextEquiv>
                        <Unicode>Wörthersee.</Unicode>
                    </TextEquiv>
                </Word>
                <TextEquiv>
                    <Unicode>nächster Tage nach Velden am Wörthersee.</Unicode>
                </TextEquiv>
            </TextLine>
            <TextLine id="r1l15" custom="readingOrder {index:9;} closer {offset:0; length:52; continued:true;} person {offset:47; length:4;}">
                <Coords points="805,4167 4150,4255 4151,4024 2674,4096 805,3988"/>
                <Baseline points="834,4158 998,4160 1163,4164 1327,4166 1492,4167 1656,4168 1821,4168 1985,4170 2150,4170 2314,4170 2479,4170 2643,4170 2808,4170 2972,4169 3137,4168 3301,4168 3466,4168 3630,4169 3795,4170 3959,4170 4124,4172"/>
                <Word id="r1l15_w1" custom="readingOrder {index:0;}">
                    <Coords points="816,4118 816,4178 965,4178 965,4118"/>
                    <TextEquiv>
                        <Unicode>Mit</Unicode>
                    </TextEquiv>
                </Word>
                <Word id="r1l15_w2" custom="readingOrder {index:1;}">
                    <Coords points="1061,4124 1061,4184 1424,4184 1424,4124"/>
                    <TextEquiv>
                        <Unicode>vielen</Unicode>
                    </TextEquiv>
                </Word>
                <Word id="r1l15_w3" custom="readingOrder {index:2;}">
                    <Coords points="1521,4128 1521,4188 2140,4188 2140,4128"/>
                    <TextEquiv>
                        <Unicode>herzlichen</Unicode>
                    </TextEquiv>
                </Word>
                <Word id="r1l15_w4" custom="readingOrder {index:3;}">
                    <Coords points="2237,4130 2237,4190 2729,4190 2729,4130"/>
                    <TextEquiv>
                        <Unicode>Grüssen,</Unicode>
                    </TextEquiv>
                </Word>
                <Word id="r1l15_w5" custom="readingOrder {index:4;}">
                    <Coords points="2824,4129 2824,4189 3049,4189 3049,4129"/>
                    <TextEquiv>
                        <Unicode>auch</Unicode>
                    </TextEquiv>
                </Word>
                <Word id="r1l15_w6" custom="readingOrder {index:5;}">
                    <Coords points="3144,4128 3144,4188 3305,4188 3305,4128"/>
                    <TextEquiv>
                        <Unicode>von</Unicode>
                    </TextEquiv>
                </Word>
                <Word id="r1l15_w7" custom="readingOrder {index:6;}">
                    <Coords points="3401,4128 3401,4188 3765,4188 3765,4128"/>
                    <TextEquiv>
                        <Unicode>meiner</Unicode>
                    </TextEquiv>
                </Word>
                <Word id="r1l15_w8" custom="readingOrder {index:7;}">
                    <Coords points="3860,4130 3860,4190 4149,4190 4149,4130"/>
                    <TextEquiv>
                        <Unicode>Frau,</Unicode>
                    </TextEquiv>
                </Word>
                <TextEquiv>
                    <Unicode>Mit vielen herzlichen Grüssen, auch von meiner Frau,</Unicode>
                </TextEquiv>
            </TextLine>
            <TextLine id="r1l16" custom="readingOrder {index:10;} closer {offset:0; length:4; continued:true;}">
                <Coords points="2744,4866 2871,4872 2915,4914 3072,4903 3100,4928 3222,4893 3273,4930 3349,4904 3355,4766 3309,4764 3186,4677 3098,4691 3003,4623 2950,4644 2804,4545 2758,4543"/>
                <Baseline points="2772,4864 2799,4865 2827,4867 2854,4869 2882,4870 2910,4871 2937,4873 2965,4874 2992,4876 3020,4878 3048,4879 3075,4880 3103,4882 3130,4882 3158,4884 3186,4884 3213,4885 3241,4886 3268,4886 3296,4886 3324,4886"/>
                <Word id="r1l16_w1" custom="readingOrder {index:0;}">
                    <Coords points="2814,4841 2814,4901 3365,4901 3365,4841"/>
                    <TextEquiv>
                        <Unicode>Gere</Unicode>
                    </TextEquiv>
                </Word>
                <TextEquiv>
                    <Unicode>Dein</Unicode>
                </TextEquiv>
            </TextLine>
            <TextLine id="line_1655278889473_675" custom="readingOrder {index:11;} closer {offset:0; length:13; continued:true;} signed {offset:0; length:13;} letter-end {offset:13; length:0;}">
                <Coords points="3158,5542 4364,5417 4780,5494 4989,5556 4989,5671 4869,5707 3946,5801 3403,5799 3156,5767 2978,5738 2981,5646"/>
                <Baseline points="3010,5716 3036,5717 3063,5720 3089,5722 3116,5723 3143,5725 3169,5726 3196,5726 3222,5726 3249,5726 3276,5726 3302,5726 3329,5727 3355,5728 3382,5728 3409,5730 3435,5730 3462,5732 3488,5735 3515,5738 3542,5742 3894,5672 3947,5670 4000,5670 4054,5668 4107,5668 4161,5668 4214,5668 4267,5668 4321,5668 4374,5670 4428,5670 4481,5670 4534,5670 4588,5670 4641,5670 4695,5668 4748,5666 4801,5665 4855,5662 4908,5658 4962,5652"/>
                <Word id="r1l17_w1" custom="readingOrder {index:0;}">
                    <Coords points="3898,5629 3898,5689 4816,5689 4816,5629"/>
                    <TextEquiv>
                        <Unicode>aan</Unicode>
                    </TextEquiv>
                </Word>
                <Word id="r1l18_w1" custom="readingOrder {index:1;}">
                    <Coords points="3037,5686 3037,5746 3313,5746 3313,5686"/>
                    <TextEquiv>
                        <Unicode>Ar</Unicode>
                    </TextEquiv>
                </Word>
                <TextEquiv>
                    <Unicode>Paul Goldmann</Unicode>
                </TextEquiv>
            </TextLine>
            <TextEquiv>
                <Unicode>2. 8. 31.
Lieber Freund,
Als rekommandierte Drucksache übersende ich Dir das Buch, das Du so
freundlich warst, mir zu borgen, und ich danke Dir herzlich dafür. Es hat
mich sehr interessiert, und ich finde, dass es, auch abgesehen von seinen
erotischen Schilderungen, verdient, gelesen zu werden.
Ich hoffe, dass Dich meine Sendungen nicht in Wien erreichen und dass
Du an irgendeinem schönen Erholungsort Deinen Sommer verbringst. Ich gehe
nächster Tage nach Velden am Wörthersee.
Mit vielen herzlichen Grüssen, auch von meiner Frau,
Dein
Paul Goldmann</Unicode>
            </TextEquiv>
        </TextRegion>
    </Page>
</PcGts>
