5709 7174
4315 884 4419 944 3.
4522 884 4641 944 5.
4744 884 4936 944 28.

2100 2280 2474 2340 Lieber
2590 2283 3035 2343 Freund,

1031 2689 1174 2749 Für
1266 2692 1430 2752 die
1523 2696 2199 2756 Übersendung
2292 2696 2640 2756 Deines
2743 2694 3029 2754 neuen
3121 2692 3470 2752 Romans
3574 2688 3860 2748 sagen
3952 2687 4117 2747 wir
4219 2686 4435 2746 alle
4537 2686 4690 2746 Dir
4793 2686 5203 2746 unseren

634 2908 1381 2968 herzlichsten
1478 2906 1773 2966 Dank.
1870 2906 1964 2966 Er
2059 2905 2285 2965 geht
2380 2902 3058 2962 gegenwärtig
3164 2900 3259 2960 in
3342 2898 3698 2958 meinem
3805 2896 4293 2956 Haushalt
4387 2894 4553 2954 von
4637 2894 4874 2954 Hand
4969 2894 5065 2954 zu
5160 2894 5385 2954 Hand

650 3108 801 3168 und
898 3111 1254 3171 findet
1351 3112 1512 3172 den
1609 3112 2030 3172 Beifall
2127 3109 2290 3169 von
2376 3108 2602 3168 Jung
2699 3106 2862 3166 und
2959 3103 3185 3163 Alt.
3281 3102 3498 3162 Wenn
3606 3100 3821 3160 Frau
3919 3098 4081 3158 und
4177 3098 4588 3158 Tochter
4695 3098 5041 3158 fertig
5138 3100 5429 3160 sind,

657 3314 882 3374 darf
975 3314 1130 3374 ich
1242 3314 1459 3374 dann
1561 3314 1715 3374 das
1809 3314 2034 3374 Buch
2138 3312 2353 3372 auch
2457 3311 2805 3371 lesen.
2909 3308 3187 3368 Darum
3289 3306 3505 3366 kann
3608 3305 3762 3365 ich
3864 3302 4533 3362 einstweilen
4637 3301 4791 3361 nur
4893 3300 5058 3360 für
5151 3300 5304 3360 die

641 3518 1324 3578 Übersendung
1429 3517 1857 3577 danken.

1004 3720 1165 3780 Ich
1246 3720 1624 3780 hogfe,
1720 3720 1949 3780 dass
2044 3718 2152 3778 es
2233 3717 2409 3777 Dir
2490 3716 2666 3776 gut
2747 3715 3058 3775 geht,
3152 3714 3315 3774 und
3409 3712 3640 3772 dass
3734 3712 3897 3772 wir
3991 3711 4221 3771 bald
4315 3710 4680 3770 wieder
4774 3710 5139 3770 einmal

666 3924 822 3984 die
926 3924 1281 3984 Freude
1376 3924 1667 3984 haben
1761 3924 2199 3984 werden,
2293 3922 2512 3982 Dich
2616 3920 2710 3980 in
2815 3920 3170 3980 Berlin
3274 3918 3367 3978 zu
3461 3918 3815 3978 sehen.

1027 4130 1320 4190 Alles
1419 4132 1986 4192 Herzliche
2094 4132 2258 4192 von
2356 4131 2520 4191 uns
2618 4128 2913 4188 Allen
3021 4124 3053 4184 !

2577 4726 3515 4786 ergt

2179 5621 2257 5681 A
4231 5768 4286 5828 2
