5702 7171
827 828 990 888 Dr.
1044 825 1289 885 Tan!
1358 819 1873 879 Golomonn

3491 824 3803 884 SSPrTIEE
3859 825 3981 885 19.
4015 826 4093 886 10

3478 938 3801 998 SSeubler
3831 936 4064 996 traßf
4114 940 4245 1000 36.

4370 942 4749 1002 23.18.
4850 944 5014 1004 27.

577 948 938 1008 Derfrefer
991 950 1188 1010 der,
1198 952 1436 1012 äeuen
1508 952 1737 1012 frrien
1799 949 2067 1009 Presse?

3474 1034 3675 1094 Del.:
3729 1032 3962 1092 Zügen
4047 1027 4206 1087 S142

1905 2257 2270 2317 Lieber
2369 2257 2798 2317 Arthur,

1019 2658 1095 2718 In
1193 2658 1487 2718 unser
1574 2658 1869 2718 aller
1967 2660 2250 2720 Namen
2349 2660 2644 2720 danke
2731 2660 2893 2720 ich
2993 2660 3155 2720 Dir
3242 2658 3864 2718 herzlichst
3952 2658 4115 2718 für
4213 2658 4431 2718 Dein
4529 2658 4823 2718 neues
4910 2658 5205 2718 Buch.

621 2868 1032 2928 Einiges
1127 2868 1284 2928 von
1368 2870 1726 2930 Beinem
1832 2870 2180 2930 Inhalt
2274 2868 2569 2928 kenne
2664 2868 2821 2928 ich
2916 2866 3337 2926 bereits
3443 2866 3590 2926 aus
3695 2866 4233 2926 Zeitungen
4338 2866 4485 2926 und
4591 2869 5264 2929 Zeitschrif-

637 3078 848 3138 ten,
954 3078 1114 3138 das
1198 3078 1559 3138 übrige
1665 3077 1951 3137 freue
2047 3076 2205 3136 ich
2302 3076 2598 3136 mich,
2694 3076 2779 3136 im
2884 3076 3171 3136 Buche
3277 3076 3372 3136 zu
3468 3074 3817 3134 lesen.
3914 3074 4199 3134 Meine
4306 3074 4730 3134 Tochter
4825 3072 4984 3132 ist

633 3278 1073 3338 bereits
1148 3278 1243 3338 in
1338 3280 1625 3340 Deine
1720 3280 2601 3340 Spruchweisheit
2677 3282 3232 3342 vertieft,
3327 3282 3365 3342 -
3441 3282 3880 3342 während
3977 3282 4129 3342 der
4224 3282 4779 3342 Feiertage
4855 3282 5161 3342 werde
5237 3282 5408 3342 ich

619 3497 819 3557 hr
918 3494 1075 3554 das
1163 3494 1391 3554 Buch
1476 3492 2149 3552 entreissen.
2235 3492 2349 3552 Es
2434 3492 2605 3552 war
2693 3492 2921 3552 sehr
3006 3492 3236 3552 lieb
3336 3494 3492 3554 von
3578 3494 3808 3554 Dir,
3893 3494 4121 3554 dass
4207 3494 4308 3554 Du
4408 3494 4693 3554 unser
4780 3492 5208 3552 gedacht

612 3696 962 3756 hast.

1015 3893 1423 3953 Infolge
1515 3896 1687 3956 der
1779 3897 2503 3957 Verschiebung
2610 3895 2767 3955 der
2859 3894 3348 3954 Premiere
3439 3892 3531 3952 im
3625 3892 4823 3952 Akademietheatenhat
4917 3894 5140 3954 sich

639 4100 850 4160 auch
946 4100 1233 4160 meine
1329 4100 1626 4160 Reise
1722 4100 1945 4160 nach
2041 4100 2253 4160 Wien
2350 4098 3028 4158 verschoben.
3125 4098 3284 4158 Das
3379 4098 3666 4158 Stück
3763 4098 3985 4158 soll
4082 4099 4623 4159 angeblich
4718 4102 5069 4162 Anfang

650 4302 1017 4362 Januar
1103 4304 1904 4364 herauskommen,
2000 4304 2029 4364 -
2125 4304 2223 4364 ob
2319 4302 2463 4362 ich
2570 4302 2782 4362 dann
2878 4300 3168 4360 werde
3264 4299 3611 4359 meinen
3708 4298 4181 4358 Berliner
4278 4298 4625 4358 Posten
4721 4301 5251 4361 verlassen

618 4508 1030 4568 können,
1122 4508 1288 4568 ist
1380 4508 1607 4568 noch
1710 4506 2255 4566 ungewiss.
2349 4506 2564 4566 Wenn
2668 4506 2822 4566 ich
2925 4506 3152 4566 nach
3244 4504 3471 4564 Wien
3563 4504 3852 4564 komme
3955 4504 4110 4564 und
4202 4504 4429 4564 wenn
4532 4504 4759 4564 mein
4851 4506 5273 4566 Aufent-

627 4710 851 4770 halt
943 4712 1240 4772 nicht
1331 4714 1618 4774 allzu
1710 4714 1944 4774 kurz
2037 4714 2507 4774 bemessen
2609 4714 2833 4774 ist,
2915 4712 3211 4772 werde
3313 4712 3467 4772 ich
3569 4712 3783 4772 Dich
3885 4712 4428 4772 natürlich
4520 4712 4744 4772 dort
4837 4714 5254 4774 wieder-

645 4915 981 4975 sehen.
1083 4920 1687 4980 Inzwischen
1768 4920 2208 4980 wünsche
2300 4920 2453 4980 ich
2556 4918 2780 4978 Dir,
2872 4918 3097 4978 auch
3188 4916 3282 4976 im
3384 4916 3669 4976 Nemen
3771 4916 3925 4976 von
4027 4916 4242 4976 Frau
4344 4916 4498 4976 und
4600 4918 5079 4978 Tochter,

650 5126 934 5186 frohe
1029 5126 1580 5186 Feiertage
1655 5126 1828 5186 und
1923 5125 2093 5185 ein
2169 5124 2854 5184 glückliches
2949 5121 3252 5181 neues
3327 5120 3633 5180 Jahr.
3708 5118 3878 5178 Wir
3954 5118 4202 5178 alle
4278 5118 4716 5178 grüssen
4791 5118 5037 5178 Dich

614 5326 1365 5386 herzlichst.

2586 5700 3211 5760 ern

3947 6449 4287 6509 9401
2696 6518 2781 6578 O
