3472 6029
1788 1127 2760 1225 Ischl, 28. Juli 01
584 1743 2972 1905 Lieber Freund. Dienstag gehe ich nach
504 1907 3032 2133 Wien zurück. Bleibe dort ein paar Wochen,
512 2071 3076 2313 dann muß ich freilich wieder hierher. Dann
504 2239 3004 2473 habe ich noch ein paar Fahrten nach
512 2403 2900 2629 München u. nach Berlin zu machen,
500 2531 2900 2805 aber erst im September. Vielleicht ist
496 2683 2964 2965 es nöthig, dass ich vorher, Ende August,
520 2859 2952 3141 od. Anfang Septemb. noch mit Felix
516 3003 2980 3305 zusammentreffe. Er schlägt Verona
516 3171 3000 3453 vor, ich Venedig. Wenn Sie nun diese Zeit
512 3319 3024 3633 am Gardasee sind, könnten wir, falls
504 3515 2948 3821 es Ihnen recht ist dorthin, oder doch
532 3699 2948 4013 in die Nähe kommen. Vor wenigen
528 3859 2784 4177 Tagen war Bogumil Zepler da, mit
508 4031 3024 4361 hübschen neuen Sachen, die ich erworben
516 4187 2848 4537 habe. Von den Wiener Leuten ist
476 4379 3040 4725 nichts, aber auch noch garnichts
496 4603 3040 4901 da, was die Sache allerdings nicht
500 4799 2844 5097 erleichtert. Doch war ich darauf
