4065 6939
763 2026 3639 2088 ben Sie mir darüber. Brahm ist, wie Sie wissen, hier. Wir
751 2202 3611 2276 sahen uns im Theater, ohne uns zu grüßen. Es ist
759 2382 3619 2444 mir ja sonst ganz gleichgiltig, aber ich bereue jetzt,
751 2558 3667 2620 dass ich mich s. Z. doch habe bereden laßen, ihm
731 2726 3647 2808 mein Stück einzureichen. Nun bringt er mich durch sein
747 2914 3611 2988 Benehmen in den peinlichen Verdacht, als sei ich ihm des¬
739 3086 3691 3156 halb böse. Ich bin ihm aber garnicht böse, am wenig¬
739 3274 3691 3340 sten deshalb. Nur sehe ich keine Ursache, sein unfreundliches
727 3458 1863 3520 Verhalten einzustecken.
751 3630 3655 3696 Von Bahr erfuhr ich, dass Hofmannsthal Samstag gehei¬
751 3802 3655 3888 ratet hat. Schreiben Sie mir, bitte, bald. Hauptsächlich
743 3990 3675 4060 wohin Sie reisen. Ich habe das »wir« nicht verstan¬
747 4158 2519 4236 den. Sind Sie mit Ihrer Mama?
2243 4350 2723 4432 Herzlichst
2763 4478 2951 4528 Ihr
2987 4606 3411 4672 Salten
