4934 6306
821 1408 3861 1606 jene Entfremdung eintreten musste, deren wir uns ja
2298 1488 4390 1661 kein vernünftiger Mensch wird Deiner
826 1608 3933 1825 längst bewusst sind und unbedingt stimme ich Deiner
1511 1730 2333 1882 widersprechen
823 1776 3980 2018 Behauptung bei, Deine und meine Entwicklung seit
813 2014 4168 2218 lange eine gänzlich verschiedene Richtung eingeschlagen
813 2169 4103 2419 haben. Es frägt sich eben nur, welche von diesen Rich¬
819 2392 3987 2601 tungen am Ende zu einem besseren Ziele führt und das
801 2619 3870 2794 werden Andere zu entscheiden haben als Du und ich.
1908 2861 3614 3128 Mit bestem Gruß
2261 3054 2789 3386 Dein
2684 3466 3658 3540 A.S.
