6145 8170
721 1279 5115 1645 Ihren »Beifall« gehabt. Nicht, dass ich etwas gegen Hauptmann
703 1505 5313 1848 zu sagen wagte, beanstanden Sie .. behüte! Sie debattieren nicht
680 1709 4964 2069 mit mir über Hauptmann. Sie machen es viel geschickter: Sie
703 1941 5301 2261 sprechen über mich. Weil Sie gegen meine künstlerischen Argumente
674 2151 5086 2488 unfähig sind etwas vorzubringen, muss ich es sein, meine ganze
727 2354 5144 2685 Person, wogegen Sie sich wenden. Hier können Sie sich die Argu¬
674 2563 5208 2895 mente sparen, (meinen Sie), und beweislos den Schreiber beschim¬
674 2784 5330 3069 pfen, da gegen das Geschriebene nicht gut anzukämpfen ist. Gelingt
663 2999 5138 3319 es nur, den menschlichen Wert des Kritikers zu vernichtenn, dann
674 3191 5243 3511 ist auch seine Kritik entwertet und kann aus der Hauptmann-Debat¬
674 3394 3377 3726 te ohne weiteres ausgeschaltet werden.
1354 3615 5068 3900 Sie verfahren dabei wirklich sehr schlau, gebrauchen
657 3819 5051 4150 »feine« Worte und Wendungen, nehmen einen »höheren« Standpunkt
651 3970 5254 4330 ein, damit der meinige tiefer erscheine. Sie geben sich eine edle
639 4220 5051 4551 Haltung, indem Sie eine kerzengerade Sache auf eine pfäffische
663 4435 5173 4778 Weise verdrehen. Sie sind salbungsvoll, gerecht und fromm, damit
663 4633 3912 4970 Sie Recht behalten und ich im Unrecht bleibe.
1348 4842 5313 5150 Wenn einer von uns beiden der Politisierende gewesen ist,
645 5045 5318 5388 dann sind Sie das, mein Lieber Herr Heimann! Und es wäre mir nicht
651 5254 5179 5603 schwer, jetzt die Offensive zu ergreifen, und Ihnen zu beweisen,
2621 5464 3116 5597 rechnen,
628 5464 5162 5795 Ihnen Punkt für Punkt nachzuX, dass Sie lange schon, immer
634 5650 5307 6004 und überall politisierende Kleinliteratur und literarische Politik
645 5900 5260 6214 betreiben und betrieben haben. Denn jetzt ist mir doch über viele
639 6103 4999 6417 Dinge, besonders aber über dieses unverantwortliche, behutsam
686 6295 4197 6650 rückversicherte Predigertum ein Licht aufgegangen.
1354 6504 5179 6847 Sie haben die Sache mit mir sehr klug angefangen, aber
651 6702 5185 7045 es war doch recht törlcht von Ihnen, gar so klug sein zu wollen.
645 6899 5208 7300 Sie haben mich für gutmütig gehalten und damit nicht schlecht ge¬
