2804 4984
1237 1513 1501 2588 Herrn Dr Arthur Schnitzler
1779 1304 1987 1913 Wien XVIII.
2082 1296 2326 2037 Spöttelgasse 7
2297 2730 2474 2838 16. I. 08
841 2728 1095 2990 Lieber,
1091 2890 2429 3039 ich vergaß, Ihnen folgendes zu schrei¬
851 3031 2368 3171 ben: Wird Ihr Roman jetzt auf längere
857 3159 2385 3317 Strecken als auf eine Monatsrate gesetzt?
849 3285 2385 3443 Und wenn er’s wird, könnten oder wollten Sie
841 3415 2387 3577 mir von Fischer etwa einen Abzug senden
833 3549 2425 3713 laſsen? (den ich natürlich wie ein Manuscript
841 3666 2358 3849 geheimhalten würde). Ich bin durch den
837 3817 2466 3998 Influenza-Anfall, durch nervöse Darmstörungen
837 3951 2360 4107 ec. sehr herunter und werde voraussichtlich
845 4085 2370 4258 Sonntag oder Montag auf den Semmmering.
1389 4190 2415 4278 Herzlichst Ihr Salten
