4739 7074
536 1175 1356 1281 ein Fehler stecken.
524 1163 4281 1389 Nur deshalb möchte ich Ihnen noch zu bedenken geben, was Sie offenbar ganz
524 1263 4229 1501 übersehen haben. Dieses Reigen-Feuilleton erschien in der Absicht, Ihnen
536 1347 4181 1589 und Ihrem Buch zu Hilfe zu kommen. Es erschien in der Verbotswoche, und
540 1427 4209 1685 unter dem Widerstand aller Faktoren. Erinnern Sie sich, dass Ihr eigener Schwager
544 1523 4201 1769 erklärt hat (was er heute wieder beim Prof. Singer that) »über so eine Schweinerei
532 1615 4273 1873 schreibt man nicht.« Diese Worte waren die Parole in allen Wiener Redactionen
544 1699 4241 1965 und niemand konnte dagegen an, diese Worte wurden ins breiteste Publi¬
556 1779 4217 2057 cum getragen und es sollte überall heißen, »der Reigen ist kein Kunstwerk son¬
540 1855 4221 2145 dern eine Pornographie.« Da ist es mir eine Freude gewesen, dass ich das Selbstver¬
536 1943 4261 2241 ständliche und ganz Unverdienstliche aussprechen durfte: der R. ist ein Kunst¬
548 2047 4193 2325 werk! Dass ich durch die Nebeneinanderstellung mit dem Anatol zeigen konnte,
548 2147 4265 2429 warum er es ist. Hätte ich, wie ich ohne Mühe und wie ich es lieber gethan haben
560 2255 4197 2529 würde, meine Pfeifen höher gestimmt, dann würde ich Niemanden überzeugt
560 2343 4261 2621 haben, und ich hätte dem Buch nur geschadet, weil alle Leute gesagt hätten,
556 2427 4241 2717 »Natü-ürlich, der Salten!« So aber habe ich, das weiß ich genau, aufklärend
568 2547 4201 2825 und nützlich gewirkt! Woran mir sonst nie etwas liegt, woran ich sonst nie
556 2643 4281 2933 denke, diesmal lag mir daran, die Leute zu überzeugen, auf die Fernerstehen¬
560 2731 4253 3029 den zu wirken, die Gegner so viel als möglich zu entwaffnen. Das hat meinem
564 2839 4257 3129 F. vielleicht bei Ihnen geschadet. Aber die allerbeste Absicht müßten Sie
572 3095 1556 3217 mir doch zubilligen.
556 3039 4093 3325 Aus taktischen Gründen stehen die Schlußworte da: »wir sind neugierig auf den
584 3127 4181 3425 neuen Sohn.« Ich habe mir damit vorsichtsweise eine Stufe gebaut, auf die
572 3223 4133 3525 ich steigen und den neuen Schnitzler von da aus demnächst zeigen wollte.
576 3291 4253 3614 Es sind diese Worte ein Riesenthor, das ich vor Ihnen aufmache; da kann einfach
580 3387 4193 3698 alles kommen, da erwartet man alles. Die Entwicklungsfähigkeit, die Wandlungs¬
576 3475 4169 3786 möglichkeit, die heute noch nicht zu begrenzende Complexität, (lauter Dinge,
592 3564 4277 3870 die Ihnen  oft und oft von nahestehenden Freunden geleugnet wurden) werden Ihnen
576 3664 3917 3962 hier als etwas Selbstverständliches zugesprochen, - und - Sie schreiben mir
588 3876 2116 4062 ich hätte Sie in ein Kastel gesperrt!
568 3836 4189 4162 Ich frage mich, sehr betroffen, wie ich Ihnen gestehen will, ob denn die zwölf Jahre
580 3932 4189 4250 intimer Gemeinschaft nicht bei Ihnen standen, als Sie diese Zeilen lasen und ob
584 4032 4273 4338 sie so schwach waren, Ihnen dass sie Ihnen nicht helfen konnte, den Sinn
580 4128 4205 4442 dieser Worte zu entziffern, die wahre Meinung, den wahren Sinn, wenn schon
600 4212 4133 4542 die Worte allein nicht deutlich genug gewesen sind. Ich frage mich weiter,
604 4304 4105 4630 ob diese zwölf Jahre, in denen ich eine Theilnahme für Ihre Schriften gezeigt habe,
592 4404 4193 4714 die in ihrer Intensität, in ihrer Activität, in ihrer Beständigkeit wie in ihrem
600 4496 4129 4806 Verständnis gewiss keine alltägliche gewesen ist, ob diese Jahre so kraftlos sind,
600 4596 4129 4910 dass sie beschämt Ihre Vorwürfe hören mußten, ohne sie aus eigenem Vorrath
616 4868 1652 5006 widerlegen zu können.
624 4828 4073 5118 Sie werden auch meine Deprimirtheit darüber begreifen, dass ein Feuilleton, in
632 4924 4229 5222 welchem mit dem Absatz »Dass einer aber lachen kann« - bis zu »der Humor
624 5028 4097 5318 allein ist am Ziel, er ist die Nähe, ist der Gipfel, er ist das Endgiltige!« so
616 5128 4197 5418 ein Ton absoluter und höchster Anerkennung angeschlagen wird, so voll¬
588 5352 2088 5518 ständig umgedeutet werden kann.
608 5332 4077 5634 Neben vielen anderen Dingen thut es mir am meisten leid, dass Sie, wie
604 5432 4129 5750 es scheint durch mein F. zu starkem Selbstzweifel veranlaßt wurden. Da
596 5540 4149 5858 muß ich Ihnen aber doch sagen, dass Sie dazu nicht den mindesten
600 5648 4173 5958 Anlaß haben, dass ich nicht bloss »Besseres von Ihnen zu erwarten scheine«
620 5756 3965 6058 sondern dass sich nahezu alle meine Urtheile, die Ihre künstlerische
612 5856 4273 6162 Kraft betreffen, in den letzten Jahren nur gefestigt haben! Und ich muß
