2808 5092
1891 1016 2224 1076 kit,
2241 1008 2450 1068 193.

572 1328 819 1388 Liebsr.

1042 1411 1464 1471 hiffentlig
1566 1400 1754 1460 hatu
1885 1388 1960 1448 Sie
2035 1380 2166 1440 von
2222 1371 2335 1431 olti

544 1576 762 1636 neon
854 1572 972 1632 das
1039 1560 1273 1620 Migt
1373 1548 1676 1608 menn
1801 1518 2362 1578 Fgüblung¬

523 1740 774 1800 Win
893 1724 1169 1784 sicht,
1205 1710 1504 1770 sitts,
1528 1697 1959 1757 venlenen
2054 1680 2186 1740 ei.
2198 1683 2293 1743 .

556 1880 626 1940 I7
705 1880 828 1940 Aff
934 1872 1189 1932 sehr,
1215 1861 1356 1921 dasn
1427 1852 1498 1912 Sie
1576 1848 1726 1908 woll
1831 1836 1981 1896 und
2043 1828 2245 1888 mehr
2307 1824 2386 1884 ein

517 2016 656 2076 mih
788 2011 1013 2071 unig
1106 2000 1214 2060 in
1338 1988 1353 2048 u
1609 1980 1765 2040 den
1819 1972 2051 2032 Ihnen
2113 1964 2229 2024 das

536 2145 897 2205 erbeihn
1000 2135 1126 2195 von
1192 2127 1266 2187 der
1318 2112 1716 2172 kondgeht
1833 2096 2040 2156 Uind
2114 2083 2165 2143 ic

512 2268 747 2328 hiffe,
770 2260 887 2320 dam
966 2248 1192 2308 Ihnen
1270 2236 1356 2296 der
1426 2228 1769 2288 Frübeig
1856 2218 1895 2278 ss
1973 2208 2457 2268 Narkleft,

509 2392 617 2452 bin
685 2388 732 2448 er
793 2380 1092 2440 kann.
1115 2371 1200 2431 das
1284 2358 1431 2418 viefe
1499 2344 2113 2404 Umherfahren,
2129 2340 2236 2400 des
2298 2340 2344 2400 ic

526 2524 629 2584 jett
705 2512 1210 2572 absrerieren
1295 2496 1577 2556 muß,
1620 2488 1851 2548 mist
1927 2480 1988 2540 in
2047 2476 2389 2536 Zuch¬

529 2632 877 2692 grgen,
893 2628 957 2688 isd
1060 2627 1076 2687 zu
1195 2620 1408 2680 niht
1480 2606 2018 2666 songenehee,
2042 2592 2200 2652 absl
2263 2590 2358 2650 dür

529 2760 995 2820 Auschauen
1082 2751 1153 2811 der
1232 2744 1580 2804 nilden,
1595 2726 2086 2786 betmäcken
2141 2717 2425 2777 äud¬

559 2876 852 2936 sehar,
889 2883 908 2943 vi
1035 2872 1210 2932 jtt,
1237 2866 1338 2926 bei
1402 2868 1420 2928 mi
1586 2856 1860 2916 schöne
1924 2844 2200 2904 Wetter,
2218 2847 2318 2907 im

505 3007 521 3067 nu
735 3008 1139 3068 zuseicht,
1173 2996 1536 3056 beuhigt
1618 2992 1634 3052 so
1742 2984 2252 3044 angentn.

515 3144 725 3204 bete
827 3142 921 3202 ist
999 3140 1116 3200 das
1187 3135 1249 3195 die
1335 3128 1522 3188 werti
1609 3121 1850 3181 krt,
1882 3120 1937 3180 n
2007 3112 2023 3172 e
2163 3102 2335 3162 zuuir

543 3268 914 3328 Fonntag
1027 3268 1132 3328 sen
1269 3249 1423 3309 g
1519 3248 1641 3308 vin
1705 3248 2101 3308 filen:
2125 3240 2182 3300 Er
2254 3236 2383 3296 set

581 3400 882 3460 gutd,
913 3399 921 3459 I
1047 3394 1182 3454 bin
1261 3384 1767 3444 zischnug
1846 3372 1942 3432 der
2005 3368 2099 3428 vict
2163 3364 2360 3424 elhm

531 3516 666 3576 ans
754 3520 1169 3580 nchetur,
1201 3512 1448 3572 denke
1513 3512 1624 3572 viet
1720 3509 1871 3569 mit
1951 3500 2167 3560 duke
2238 3500 2422 3560 inlor

563 3624 663 3684 ig
745 3624 890 3684 auf
971 3624 1126 3684 sehr
1180 3624 1298 3684 vil
1362 3625 1380 3685 a
1534 3624 1616 3684 Sie

1133 3753 1337 3813 ains
1389 3761 1661 3821 Enzuf
1789 3760 1985 3820 hinnn
2024 3760 2151 3820 und
2205 3757 2295 3817 dan

1098 3872 1491 3932 kieden.

1783 3901 1863 3961 Ir

1951 4022 2388 4082 Feusaen
