4316 6065
2587 955 3078 1186 Mittwoch
789 1703 1095 1964 Lieber,
1099 1752 3856 2032 vielleicht können wir Samstag nach dem Theater beisammen sein?
774 1949 3693 2194 Mir ist es ganz egal wo; ich möchte nur irgendwo hin gehen, wo wenig
770 2096 3757 2349 Leute sind. Wenn Sie Richard sehen, bitte, sagen Sie es ihm auch. Ich höre,
774 2209 3731 2466 dass Herr Kainz ins Theater geht; natürlich wär es mir angenehm, wenn er
778 2337 3810 2587 mit käme. Auch Speidels werden dann wol mit uns sein. Bitte um
793 2549 1186 2726 eine Zeile.
2009 2549 2723 2768 Herzlichst Ihr
2810 2583 3127 2870 Salten
