4648 7172
2855 1256 4000 1507 11.VIII.03
680 1995 4256 2121 Lieber, Ihre Sendung hab ich heute bei meiner
648 2183 4104 2357 Rückkehr vorgefunden und gleich gelesen. Es ist
664 2415 4084 2589 nichts besonderes, aber doch so, dass man es in
676 2603 4016 2817 der Sonntags-Zeit einmal bringen kann, was
664 2807 4072 3017 ich denn auch mit Vergnügen thue, da es
676 3011 4016 3253 Ihnen offenbar sehr erwünscht ist. Hab' ich
672 3215 4056 3485 Ihren Brief recht gelesen, so soll die »Studie«
680 3423 3952 3701 erst in der zweiten Hälfte September publizirt
696 3655 4132 3893 werden. Ich habe das auf dem Mscpt. vorge¬
720 4055 1124 4133 merkt.
676 4139 3968 4373 Heute Nachmittag um ¾2 hat meine Frau
676 4299 4064 4557 einen Buben bekommen und befindet sich sehr
704 4479 4236 4725 wol. Wir freuen uns sehr, wie Sie sich denken
688 4643 4224 4905 können. Wollen Sie es, bitte, an Olga mittheilen.
2380 4967 3152 5081 Herzlichst
3172 5151 3396 5209 Ihr
3300 5399 3920 5485 Salten
