3908 6599
659 2222 3471 2284 acht Jahren, die es bis dahin noch sind, alles erledigen,
651 2374 3439 2456 und als wäre ich dann eben à jour. Meine Gesundheit,
683 2526 3431 2604 der alte Bronchialkatarrh, der ja doch einmal die
655 2694 3511 2768 Lunge angreifen muss, - meine Arbeiten, mein Lieben,
667 2850 3335 2932 alles scheint mir so, als könne es nicht länger
671 2998 3475 3084 vorhalten als bis zu jenem Märztag im Jahre 1905.
659 3150 3447 3244 Jedenfalls hängt meine Sorglosigkeit und der Glaube an
679 3314 3419 3404 eine Wendung der Dinge, die nun bald eintreten müsse
667 3494 3503 3575 mit dieser Vorstellung zusammen, und ich habe wenig¬
683 3662 3443 3732 stens die Zuversicht davon, nicht einen Tag früher zu
687 3842 1143 3904 sterben.
735 3994 3475 4072 Gestern erhielt ich von Frl. Sandrock einen wunderschö¬
715 4162 3411 4236 nen Brief, so echt, wie ich noch nichts von ihr ge¬
699 4318 3399 4404 hört. »Ich liege an der Ostsee und blicke mit meinen
687 4486 3507 4556 blauen Augen zum blauen Himmel empor.« so beginnt
691 4646 3447 4740 es, und es ist, als ob sie in ihrem gelösten Wesen
699 4810 3459 4892 mit diesen ironischen Worten eine direkte Verbindung zwi¬
711 4978 3499 5060 schen sich und der Welt gefunden hätte. Dann kommen
695 5146 3491 5232 Sätze: »Gestern trat ich hier auf, und heute liegt Riga
687 5314 3399 5400 in Fraisen.« oder: »was geht in Dir vor? gehe ich
