3417 6008
1800 1075 2524 1149 den 12. Juli 00.
636 1687 3012 1889 Lieber Freund, danke für das Lebenszeichen nach
520 1839 2936 2093 so viel Tagen. Möchten Sie bei dem elenden Wetter
520 1971 3036 2253 nicht vor dem 20. nach Wien kommen? Wenn's
524 2111 2996 2385 einmal schön wäre, führe ich ja gerne nach R.
504 2247 2944 2525 aber, es wird nicht schön. Ich bin leider nicht
508 2391 3032 2665 in richtiger Arbeit. Schreibe nur so, - immer ein
508 2543 3000 2801 bisserl, und hab geglaubt, weiß Gott, wie viel ich
516 2659 2960 2953 in diesem Sommer ausrichten werde. Vielleicht
504 2787 2988 3089 wird's noch besser. Jedenfalls halte ich mich täg¬
516 2935 2968 3225 lich dazu. Am 1. August ziehe ich in die Koch¬
516 3083 2996 3357 gasse 32, VIII. Bezirk, hübsche kleine Wohnung.
524 3223 2888 3513 Dann fahre ich am 4. nach Ischl. Sie wol
512 3367 2968 3657 auch? Haben Sie die verschiedenen Burgtheater¬
544 3495 2916 3793 Rückblicke in den Zeitungen gesehen? In
524 3639 2936 3929 einigen wird energisch nach der »Beatrice«
524 3819 3000 4069 gefragt. Für Schlenth. ist übrigens anzumerken,
524 3959 2964 4213 dass er Ihr Stück s. Z. benützte, um in einer
524 4095 2968 4357 leeren Saison volle Schubladen zu zeigen. Ein
544 4327 1848 4489 unsolider Geschäftsmann.
568 4379 3004 4621 Was machen Ihre Sommergastspiele? Hoffentlich
572 4483 2988 4769 höre ich bald mündlich oder schriftlich genaueres
568 4791 1136 4885 von Ihnen.
1636 4735 2776 4821 Herzlichst Ihr Salten
