4934 6306
1174 1346 3842 1650 Dass dieses Gespräch im Hause meiner Mutter
855 1589 4322 1839 stattfand, worauf Du besonderes Gewicht zu legen scheinst,
852 1793 4093 2014 ist für meine Auffassung so belanglos als es in jenem
829 1991 3933 2218 früheren Fall die Welsberger Waldlandschaft gewesen
853 2206 3968 2440 ist. Und wenn ich mir die ruhige, fast herzliche Art
846 2367 3988 2624 in Erinnerung zurückrufe, in der wir uns im Vorzimmer
1645 2582 2373 2711 von einander
820 2601 4129 2815 meiner Mutter verabschiedet haben, so scheint mir Deine
837 2803 4081 3025 Betonung des verletzten Gastrechtes viel eher feuille¬
1112 2978 1224 3098 ti
846 2992 4090 3219 tonisch-polemischen Erwägungen ihre Entstehung zu ver¬
843 3146 3891 3425 danken als spontaner Ueberzeugung. Jedenfalls aber
801 3392 4081 3623 möchte ich nochwals bemerken, dass jene oben zitierten
822 3546 4109 3806 Versuche die Widersprüche zwischen Deinen privaten und
807 3788 4064 4011 öffentlichen Aeusserungen aufzuklären von Dir herrüh¬
815 3963 3952 4273 ren und nicht von mir und überdies betonen, dass ich
838 4165 4152 4434 selbst den Grund dieser Widersprüche stets viel weniger
822 4409 4062 4591 in etwaigen Mängel Deines menschlichen Wesens als in
836 4581 3969 4801 solchen Deiner kritischen Begabung erblickt habe. Es
831 4770 4181 4981 ist mir nicht unangenehm, dass ich bescheidenen Zweifeln
820 4955 3915 5202 in dieser Richtung schon vor vielen Jahren, lang ehe
799 5129 4048 5422 Du zu öffentlichen Aeusserungen über mich Gelegenheit
1683 5340 1957 5477 eines
799 5375 4095 5590 hattest aus Anlass Deiner ersten Hauptmannfeuilletons
815 5625 3849 5809 brieflichen Ausdruck gab. Und so darf mir wohl ge¬
