6145 8170
562 1277 5102 1673 urteilt. Nur dass ich jetzt meine Gutmütigheit doch ein wenig zu
544 1531 4925 1880 zügeln verstehe, was Sie freilich nicht voraus wissen konnten.
544 1750 4866 2075 Ihnen war nur bekannt, dass ich in meinem Leben schon oft von
550 1957 5055 2276 Gehässigkeit, verletzten Eitelkeiten und geschädigten Cliquen-In¬
550 2170 5079 2495 teressen wütend angefallen worden bin, und niemals so viel Ernst
544 2395 4990 2684 für derlei Dinge aufgebracht habe, um sie energisch abzuwehren.
532 2572 4966 2903 Jetzt aber bin ich zu der Ueberzeugung gelangt, dass es ein Un¬
526 2779 4866 3110 recht war, mir von den Leuten, denen meine Kritik wider den Strich
514 3015 5120 3335 ging, Böswilligkeiten bieten zu lassen. Ich habe nachgerade genug
514 3205 5102 3536 von diesem Spiel und bin fest entschlossen, es nicht mehr zu dul¬
514 3441 4972 3754 den, wenn sich Literaten-Schmähsucht an mir vergreifen will, es
514 3624 5256 3961 nicht mehr zu dulden, wenn ein Einbruch in mein Wesen versucht wird.
508 3849 4884 4127 Sie sind jetzt der erste, den ich wieder einmal dabei abfasse.
1194 4038 5014 4369 Ich lege den Akt Heimann so wie er ist (meine Artikel,
497 4275 5168 4576 Ihren Brief, meine Antwort) zur Feststellung des Sachverhaltes für
508 4476 5043 4771 künftige Geschehnisse und zur persönlichen Aufklärung für diesen
550 4677 4896 5008 jetzigen Vorfall in die Hände einiger mir wertvoller Menschen.
1194 4878 4901 5173 Mit Ihnen selbst bin ich fertig, und schliesse meine
497 5085 5168 5416 Privatkorrespondenz mit Ihnen ein für allemal. Sollten Ihnen wei¬
514 5309 4978 5611 tere Auseinandersetzungen mit mit erwünscht sein, dann verweise
514 5457 5262 5842 ich Sie vor die Oeffentlichkeit. Was Sie dort vorbringen, werde ich
503 5682 5250 6048 anhören, und Ihnen eben dort entgegnen. Die Bequemlichkeit der Hin¬
526 5912 5250 6238 tertreppe und die Gefahrlosigkeit des Literaten-Schwatzes, kurz die¬
514 6096 5114 6433 sen ganzen Komfort, den sich Menschen in Ihrer Lage auf Kosten an¬
514 6320 5055 6663 derer so gerne gestatten, kann ich Ihnen zu meinem Bedauern nicht
508 6581 1324 6924 zubilligen.
