6961 5946
3581 897 6503 1165 selben Form erzählt, und immer als die letzte Ursache der Ent¬
3585 1091 4631 1307 zweiung bezeichnet.
3596 1158 6589 1429 Die Äußerung über Herzl wird in der Montag-Verhandlung nicht
3596 1307 6540 1582 zur Sprache kommmen. Ich hoffe. Sie zögern nicht, mir durch
5940 1454 6073 1504 mir
3603 1429 6574 1679 die einfache Constatirung dieser Tatsache in meinem aufgedrunge¬
3603 1545 6526 1794 nen Abwehrkampf gegen eine der bissigsten Canaillen, die es
3603 1668 6503 1939 gibt, beizustehen; in einem Kampf, in dem ich ohnehin
3600 1779 6436 2059 zu sehr allein stehe. Bitte geben Sie mir pneumatisch
3633 1884 6496 2178 Nachricht, ob Sie sich dieser Dinge, namentlich des Sommers
3629 2006 6570 2323 1904, ec. erinnern, und ob ich Sie als Zeugen nennen darf.
3618 2163 6451 2431 Das Wesentliche ist, ob Sie – wie ich annehme – sich besinnen,
3622 2282 6451 2609 diese Geschichte lange vor dem Dezember vor. Jahres und
3615 2472 5480 2758 oft vorher von mir gehört zu haben.
4955 2609 5788 2866 Herzlichst Ihr
5826 2688 6235 2907 Salten
