4274 5870
719 1194 3946 1332 Lieber, gewiß begreife ich, dass Sie jetzt eher mit
687 1382 3750 1528 einer größeren Arbeit kämen. Habe auch
699 1522 3890 1680 mehr dem Dr Kanner zu Gefallen angefragt,
711 1698 3814 1856 und ziemlich spät, weil ich mir ja un¬
739 1858 3906 2040 gefähr so was selber dachte. Für Abends
735 2018 3826 2200 kann ich jetzt leider nichts bestim̄en,
711 2206 3762 2376 aber ich komme, wenns Ihnen paßt,
707 2366 3838 2536 Mittwoch od. Donnerstag so gegen sechs
767 2658 1395 2736 zu Ihnen.
1871 2646 2871 2752 Herzlichst Ihr
2994 2786 3402 2856 Salten
703 3161 1629 3503 11./12. 03
