<?xml version="1.0" encoding="UTF-8" standalone="yes"?>
<PcGts xmlns="http://schema.primaresearch.org/PAGE/gts/pagecontent/2013-07-15" xmlns:xsi="http://www.w3.org/2001/XMLSchema-instance" xsi:schemaLocation="http://schema.primaresearch.org/PAGE/gts/pagecontent/2013-07-15 http://schema.primaresearch.org/PAGE/gts/pagecontent/2013-07-15/pagecontent.xsd">
    <Metadata>
        <Creator>prov=READ-COOP:name=PyLaia@TranskribusPlatform:version=2.1.0:model_id=52788:lm=none:date=13_06_2023_09:06</Creator>
        <Created>2023-01-18T10:47:34.778+01:00</Created>
        <LastChange>2023-06-19T11:25:30.576+02:00</LastChange>
        <TranskribusMetadata docId="1297609" pageId="51645415" pageNr="115" tsid="127242736" status="IN_PROGRESS" userId="64420" imgUrl="https://files.transkribus.eu/Get?id=BLWQUBUKUIXUHCBWEKNWJZDQ&amp;fileType=view" xmlUrl="https://files.transkribus.eu/Get?id=JBMZWYPOMWOEYQKCDXRAQEYH" imageId="42229699"/>
    </Metadata>
    <Page imageFilename="MS-SCHNITZLER-B-00089-B-00001-000-00069-R.tif" imageWidth="2880" imageHeight="5179">
        <ReadingOrder>
            <OrderedGroup id="ro_1698059082912" caption="Regions reading order">
                <RegionRefIndexed index="0" regionRef="TextRegion_1686554135441_4423"/>
            </OrderedGroup>
        </ReadingOrder>
        <TextRegion id="TextRegion_1686554135441_4423" custom="readingOrder {index:0;}">
            <Coords points="1251,281 2079,281 2463,1589 2479,2177 2479,2633 2479,4073 343,4073 343,2633 359,1589"/>
            <TextLine id="tr_4_tl_2" custom="readingOrder {index:0;}">
                <Coords points="1297,1307 1770,1318 1900,1260 1985,1320 2035,1299 2032,1162 1929,1183 1792,1138 1612,1178 1524,1138 1447,1183 1400,1143 1294,1167"/>
                <Baseline points="1311,1243 1371,1247 1431,1251 1491,1255 1551,1263 1611,1263 1671,1263 1731,1263 1791,1263 1851,1263 1911,1259 1971,1259 2031,1259 2039,1255"/>
                <TextEquiv>
                    <Unicode>Berlin, 15. X. 07</Unicode>
                </TextEquiv>
            </TextLine>
            <TextLine id="tr_3_tl_1" custom="readingOrder {index:1;}">
                <Coords points="408,1641 439,1638 455,1654 474,1649 495,1664 521,1654 561,1672 590,1651 625,1670 656,1670 654,1564 603,1559 561,1535 550,1543 508,1519 490,1522 468,1500 405,1506"/>
                <Baseline points="423,1643 483,1639 543,1639 603,1643 663,1647"/>
                <TextEquiv>
                    <Unicode>Lieber,</Unicode>
                </TextEquiv>
            </TextLine>
            <TextLine id="tr_3_tl_2" custom="readingOrder {index:2;}">
                <Coords points="619,1792 1850,1765 2046,1823 2204,1776 2432,1818 2429,1643 1956,1709 1688,1614 1334,1712 1167,1667 947,1683 783,1622 619,1686"/>
                <Baseline points="635,1755 695,1747 755,1747 815,1751 875,1751 935,1751 995,1751 1055,1755 1115,1759 1175,1759 1235,1763 1295,1763 1355,1759 1415,1759 1475,1759 1535,1759 1595,1763 1655,1759 1715,1759 1775,1763 1835,1763 1895,1763 1955,1767 2015,1767 2075,1763 2135,1767 2195,1767 2255,1771 2315,1767 2375,1767 2435,1767"/>
                <TextEquiv>
                    <Unicode>gestern waren wir in den Kammerspielen bei</Unicode>
                </TextEquiv>
            </TextLine>
            <TextLine id="tr_3_tl_3" custom="readingOrder {index:3;}">
                <Coords points="357,1926 849,1889 1355,1932 1564,1889 1651,1940 1799,1887 2384,1903 2384,1826 2315,1805 1855,1836 1654,1794 1561,1847 1265,1770 1167,1834 979,1778 357,1794"/>
                <Baseline points="371,1887 411,1891 471,1891 531,1887 591,1887 651,1887 711,1891 771,1891 831,1887 891,1887 951,1887 1011,1887 1071,1883 1131,1883 1191,1883 1251,1883 1311,1879 1371,1879 1431,1883 1491,1883 1551,1883 1611,1883 1671,1883 1731,1883 1791,1883 1851,1879 1911,1883 1971,1879 2031,1879 2091,1875 2151,1879 2211,1879 2271,1875 2331,1875 2391,1875"/>
                <TextEquiv>
                    <Unicode>der »Liebelei«. Ich möchte Ihnen sagen, wir sehr mich</Unicode>
                </TextEquiv>
            </TextLine>
            <TextLine id="tr_3_tl_4" custom="readingOrder {index:4;}">
                <Coords points="344,2024 1051,2014 1109,2067 1553,2003 1799,2048 2035,1998 2091,2030 2432,2011 2432,1921 2260,1897 1876,1937 1707,1903 1638,1958 1567,1892 1418,1937 1233,1900 1180,1934 971,1903 894,1956 667,1900 595,1942 344,1937"/>
                <Baseline points="359,2003 399,2003 459,2007 519,2007 579,2003 639,2003 699,2003 759,2007 819,2007 879,2007 939,1999 999,1999 1059,1999 1119,2003 1179,1999 1239,1999 1299,1999 1359,1999 1419,1999 1479,1999 1539,1999 1599,1999 1659,2003 1719,2003 1779,1999 1839,1999 1899,1999 1959,1999 2019,1999 2079,1995 2139,1995 2199,1991 2259,1991 2319,1991 2379,1987 2439,1991"/>
                <TextEquiv>
                    <Unicode>dieses Stück wieder ergriffen hat. Übrigens nicht mich</Unicode>
                </TextEquiv>
            </TextLine>
            <TextLine id="tr_3_tl_5" custom="readingOrder {index:5;}">
                <Coords points="349,2143 611,2173 1260,2128 1445,2170 1535,2120 1934,2157 2456,2112 2458,2009 2310,2003 2043,2061 1858,2011 1678,2059 1252,2024 1053,2069 1011,2030 905,2077 685,2038 524,2088 352,2027"/>
                <Baseline points="363,2123 423,2131 483,2135 543,2139 603,2135 663,2135 723,2135 783,2135 843,2135 903,2135 963,2135 1023,2131 1083,2127 1143,2127 1203,2127 1263,2123 1323,2119 1383,2119 1443,2119 1503,2119 1563,2115 1623,2119 1683,2115 1743,2115 1803,2115 1863,2115 1923,2111 1983,2115 2043,2115 2103,2111 2163,2111 2223,2107 2283,2099 2343,2099 2403,2095 2463,2091"/>
                <TextEquiv>
                    <Unicode>allein, sondern alle. Otti, Wolff, und das ganze Publi¬</Unicode>
                </TextEquiv>
            </TextLine>
            <TextLine id="tr_5_tl_1" custom="readingOrder {index:6;}">
                <Coords points="336,2292 556,2265 733,2334 849,2265 1093,2289 1424,2247 1564,2286 1715,2241 2069,2278 2173,2233 2416,2281 2453,2273 2456,2183 2278,2130 2038,2186 1844,2154 1717,2207 1516,2138 1413,2188 1215,2146 1146,2196 339,2183"/>
                <Baseline points="351,2255 363,2255 423,2259 483,2263 543,2267 603,2263 663,2263 723,2259 783,2263 843,2259 903,2259 963,2259 1023,2259 1083,2259 1143,2255 1203,2251 1263,2247 1323,2247 1383,2243 1443,2239 1503,2239 1563,2239 1623,2243 1683,2243 1743,2239 1803,2239 1863,2239 1923,2235 1983,2235 2043,2235 2103,2235 2163,2235 2223,2231 2283,2231 2343,2231 2403,2227 2463,2231"/>
                <TextEquiv>
                    <Unicode>cum. Bei mir waren da natürlich noch andere Dinge,</Unicode>
                </TextEquiv>
            </TextLine>
            <TextLine id="tr_5_tl_2" custom="readingOrder {index:7;}">
                <Coords points="347,2416 892,2387 1021,2419 1117,2382 1318,2416 1590,2355 1773,2395 1871,2358 2043,2403 2173,2358 2273,2390 2472,2368 2474,2292 2220,2233 2154,2281 1474,2257 1106,2339 926,2281 736,2334 349,2310"/>
                <Baseline points="363,2383 379,2383 439,2387 499,2387 559,2391 619,2387 679,2387 739,2387 799,2383 859,2383 919,2383 979,2383 1039,2383 1099,2383 1159,2379 1219,2375 1279,2371 1339,2367 1399,2363 1459,2359 1519,2355 1579,2355 1639,2355 1699,2359 1759,2355 1819,2355 1879,2355 1939,2351 1999,2351 2059,2351 2119,2351 2179,2351 2239,2351 2299,2351 2359,2351 2419,2355 2479,2359"/>
                <TextEquiv>
                    <Unicode>die mich im Anhören tief gerührt haben. Aber daneben</Unicode>
                </TextEquiv>
            </TextLine>
            <TextLine id="tr_5_tl_3" custom="readingOrder {index:8;}">
                <Coords points="344,2506 1090,2527 1352,2485 1458,2530 1537,2493 1688,2530 1799,2485 2419,2482 2419,2411 2323,2374 2048,2445 1903,2384 1709,2429 1577,2379 1440,2429 344,2416"/>
                <Baseline points="359,2491 383,2491 443,2495 503,2499 563,2499 623,2499 683,2499 743,2499 803,2499 863,2499 923,2495 983,2495 1043,2499 1103,2495 1163,2491 1223,2487 1283,2487 1343,2483 1403,2479 1463,2483 1523,2479 1583,2479 1643,2479 1703,2479 1763,2475 1823,2475 1883,2475 1943,2471 2003,2471 2063,2471 2123,2471 2183,2467 2243,2467 2303,2467 2363,2463 2423,2459"/>
                <TextEquiv>
                    <Unicode>und drüber hinaus hab ich doch gesehen, wie schön</Unicode>
                </TextEquiv>
            </TextLine>
            <TextLine id="tr_5_tl_4" custom="readingOrder {index:9;}">
                <Coords points="341,2601 614,2657 1045,2609 1913,2599 2038,2633 2093,2591 2382,2599 2384,2498 2297,2530 2223,2477 1413,2548 1223,2506 945,2562 826,2511 767,2559 622,2517 344,2535"/>
                <Baseline points="355,2595 411,2607 471,2611 531,2615 591,2615 651,2619 711,2619 771,2615 831,2615 891,2611 951,2611 1011,2611 1071,2607 1131,2607 1191,2603 1251,2603 1311,2599 1371,2595 1431,2595 1491,2591 1551,2595 1611,2591 1671,2591 1731,2587 1791,2587 1851,2583 1911,2583 1971,2587 2031,2587 2091,2587 2151,2583 2211,2579 2271,2579 2331,2575 2391,2571"/>
                <TextEquiv>
                    <Unicode>dieses Werk ist, und habe vor allem gespürt, dass es</Unicode>
                </TextEquiv>
            </TextLine>
            <TextLine id="tr_1_tl_1" custom="readingOrder {index:10;}">
                <Coords points="328,2734 556,2739 595,2776 670,2734 987,2760 1212,2710 2247,2728 2392,2697 2395,2620 2120,2652 1908,2599 1731,2638 1461,2609 1358,2644 1313,2607 984,2689 916,2633 513,2678 331,2644"/>
                <Baseline points="343,2723 355,2723 415,2731 475,2735 535,2735 595,2739 655,2735 715,2735 775,2735 835,2735 895,2731 955,2731 1015,2723 1075,2723 1135,2715 1195,2711 1255,2711 1315,2707 1375,2707 1435,2703 1495,2703 1555,2703 1615,2699 1675,2699 1735,2699 1795,2695 1855,2691 1915,2695 1975,2691 2035,2699 2095,2695 2155,2695 2215,2691 2275,2687 2335,2683 2395,2695"/>
                <TextEquiv>
                    <Unicode>sicherlich bleiben wird. Es ist ein Ausdruck unserer</Unicode>
                </TextEquiv>
            </TextLine>
            <TextLine id="tr_1_tl_2" custom="readingOrder {index:11;}">
                <Coords points="339,2879 892,2890 1011,2847 1678,2853 1964,2805 2146,2831 2419,2810 2464,2739 2093,2704 2001,2760 1847,2707 1553,2779 1389,2710 1148,2726 955,2800 691,2755 617,2802 344,2781"/>
                <Baseline points="355,2847 367,2847 427,2855 487,2855 547,2855 607,2851 667,2855 727,2851 787,2851 847,2847 907,2847 967,2847 1027,2843 1087,2839 1147,2835 1207,2835 1267,2831 1327,2831 1387,2827 1447,2827 1507,2827 1567,2819 1627,2819 1687,2819 1747,2815 1807,2811 1867,2811 1927,2803 1987,2803 2047,2803 2107,2799 2167,2799 2227,2795 2287,2791 2347,2791 2407,2787 2467,2783"/>
                <TextEquiv>
                    <Unicode>Epoche darin und dabei etwas so zeitlos Wahres und</Unicode>
                </TextEquiv>
            </TextLine>
            <TextLine id="tr_1_tl_3" custom="readingOrder {index:12;}">
                <Coords points="344,2988 511,3030 804,2964 1575,2948 1961,2988 2440,2911 2442,2874 1924,2821 1535,2842 1461,2887 1360,2847 1183,2892 1133,2858 1000,2935 939,2879 347,2887"/>
                <Baseline points="359,2963 407,2967 467,2967 527,2967 587,2967 647,2963 707,2963 767,2967 827,2963 887,2967 947,2967 1007,2959 1067,2955 1127,2955 1187,2951 1247,2947 1307,2947 1367,2947 1427,2947 1487,2943 1547,2939 1607,2939 1667,2939 1727,2939 1787,2939 1847,2935 1907,2935 1967,2931 2027,2931 2087,2927 2147,2927 2207,2923 2267,2915 2327,2911 2387,2903 2447,2899"/>
                <TextEquiv>
                    <Unicode>im Gefühl Starkes. Die Höflich über alle Begriffe herr¬</Unicode>
                </TextEquiv>
            </TextLine>
            <TextLine id="tr_1_tl_4" custom="readingOrder {index:13;}">
                <Coords points="333,3099 434,3131 545,3080 728,3141 855,3080 955,3117 1148,3067 1403,3093 1815,3048 1948,3088 2141,3043 2188,3075 2379,3041 2384,2932 2178,2985 2019,2951 1969,2996 1757,2961 1683,3017 1432,2956 1254,3006 921,3003 842,3046 611,2980 511,3033 421,2993 336,3025"/>
                <Baseline points="351,3067 407,3075 467,3083 527,3075 587,3079 647,3079 707,3079 767,3079 827,3075 887,3075 947,3079 1007,3075 1067,3071 1127,3067 1187,3063 1247,3059 1307,3059 1367,3055 1427,3055 1487,3055 1547,3055 1607,3055 1667,3055 1727,3051 1787,3051 1847,3047 1907,3047 1967,3043 2027,3043 2087,3039 2147,3039 2207,3031 2267,3027 2327,3015 2387,3011"/>
                <TextEquiv>
                    <Unicode>lich. Pagay einfach wundervoll. Die Anderen fast</Unicode>
                </TextEquiv>
            </TextLine>
            <TextLine id="tr_1_tl_5" custom="readingOrder {index:14;}">
                <Coords points="355,3197 754,3247 826,3197 1027,3226 1609,3181 1702,3218 1773,3170 1924,3210 2136,3146 2305,3173 2308,3062 2143,3043 1961,3136 1702,3080 1535,3117 1466,3080 1365,3133 1156,3067 834,3170 654,3107 357,3131"/>
                <Baseline points="371,3187 391,3187 451,3191 511,3191 571,3195 631,3195 691,3195 751,3195 811,3195 871,3195 931,3199 991,3195 1051,3191 1111,3191 1171,3187 1231,3179 1291,3183 1351,3179 1411,3179 1471,3175 1531,3175 1591,3171 1651,3171 1711,3167 1771,3163 1831,3163 1891,3159 1951,3159 2011,3155 2071,3151 2131,3147 2191,3143 2251,3139 2311,3151"/>
                <TextEquiv>
                    <Unicode>unmöglich. – Heute war Generalprobe, und ich</Unicode>
                </TextEquiv>
            </TextLine>
            <TextLine id="tr_1_tl_6" custom="readingOrder {index:15;}">
                <Coords points="341,3324 550,3308 773,3358 1421,3295 2461,3287 2464,3165 2194,3162 1818,3239 1585,3205 1384,3242 1286,3202 1196,3279 688,3226 566,3268 344,3220"/>
                <Baseline points="355,3303 367,3299 427,3307 487,3307 547,3307 607,3307 667,3311 727,3315 787,3319 847,3315 907,3311 967,3307 1027,3307 1087,3311 1147,3303 1207,3303 1267,3299 1327,3295 1387,3291 1447,3291 1507,3287 1567,3287 1627,3283 1687,3279 1747,3279 1807,3279 1867,3275 1927,3275 1987,3271 2047,3267 2107,3263 2167,3259 2227,3259 2287,3259 2347,3255 2407,3259 2467,3259"/>
                <TextEquiv>
                    <Unicode>weiß noch garnichts. Bassermann beinahe schlecht.</Unicode>
                </TextEquiv>
            </TextLine>
            <TextLine id="tr_1_tl_7" custom="readingOrder {index:16;}">
                <Coords points="341,3480 527,3440 752,3506 1524,3398 1850,3427 2215,3374 2278,3316 1823,3276 1540,3337 1421,3295 1283,3371 961,3345 900,3392 810,3345 347,3340"/>
                <Baseline points="359,3411 363,3415 423,3415 483,3419 543,3419 603,3423 663,3427 723,3431 783,3431 843,3431 903,3431 963,3427 1023,3427 1083,3423 1143,3423 1203,3419 1263,3415 1323,3411 1383,3407 1443,3399 1503,3399 1563,3399 1623,3395 1683,3391 1743,3387 1803,3387 1863,3383 1923,3379 1983,3379 2043,3371 2103,3367 2163,3363 2223,3359 2283,3355"/>
                <TextEquiv>
                    <Unicode>Die Wrkung auf mich matt. Ich bin bald in</Unicode>
                </TextEquiv>
            </TextLine>
            <TextLine id="tr_1_tl_9" custom="readingOrder {index:17;}">
                <Coords points="389,3564 408,3567 447,3594 455,3588 466,3594 492,3575 511,3578 519,3570 545,3583 585,3570 590,3501 574,3498 556,3512 527,3501 508,3514 476,3477 468,3482 423,3453 394,3453"/>
                <Baseline points="403,3567 411,3567 471,3563 531,3559 591,3559"/>
                <TextEquiv>
                    <Unicode>Wien.</Unicode>
                </TextEquiv>
            </TextLine>
            <TextLine id="tr_1_tl_8" custom="readingOrder {index:18;}">
                <Coords points="979,3580 1283,3644 1442,3554 1630,3535 2014,3572 2249,3512 2255,3430 2080,3382 1948,3467 1741,3430 1641,3477 1358,3453 1175,3517 987,3459"/>
                <Baseline points="995,3563 1055,3563 1115,3563 1175,3563 1235,3559 1295,3555 1355,3555 1415,3551 1475,3547 1535,3543 1595,3539 1655,3531 1715,3523 1775,3523 1835,3519 1895,3519 1955,3515 2015,3511 2075,3507 2135,3503 2195,3499 2255,3503"/>
                <TextEquiv>
                    <Unicode>Inzwischen viele schöne Grüße</Unicode>
                </TextEquiv>
            </TextLine>
            <TextLine id="tr_1_tl_10" custom="readingOrder {index:19;}">
                <Coords points="1355,3710 1630,3662 1749,3718 1940,3657 2040,3702 2321,3657 2458,3692 2464,3551 2358,3559 2278,3506 2112,3596 1937,3535 1741,3541 1495,3639 1360,3617"/>
                <Baseline points="1371,3679 1387,3679 1447,3675 1507,3671 1567,3663 1627,3659 1687,3655 1747,3647 1807,3643 1867,3635 1927,3631 1987,3635 2047,3635 2107,3631 2167,3631 2227,3631 2287,3635 2347,3643 2407,3647 2467,3651"/>
                <TextEquiv>
                    <Unicode>von uns zu Ihnen. herzlichst</Unicode>
                </TextEquiv>
            </TextLine>
            <TextLine id="tr_1_tl_11" custom="readingOrder {index:20;}">
                <Coords points="2178,3779 2204,3771 2236,3776 2263,3768 2329,3766 2331,3665 2310,3665 2294,3676 2278,3668 2220,3715 2215,3710 2202,3723 2181,3718"/>
                <Baseline points="2195,3759 2215,3759 2275,3759 2335,3755"/>
                <TextEquiv>
                    <Unicode>Ihr</Unicode>
                </TextEquiv>
            </TextLine>
            <TextLine id="tr_1_tl_12" custom="readingOrder {index:21;}">
                <Coords points="2175,3874 2210,3879 2225,3866 2263,3879 2297,3866 2326,3890 2368,3890 2411,3864 2472,3877 2472,3795 2435,3800 2376,3768 2345,3784 2321,3768 2268,3768 2225,3800 2204,3779 2175,3787"/>
                <Baseline points="2191,3859 2251,3847 2311,3843 2371,3843 2431,3855 2479,3859"/>
                <TextEquiv>
                    <Unicode>Salten</Unicode>
                </TextEquiv>
            </TextLine>
            <TextEquiv>
                <Unicode>Berlin, 15. X. 07
Lieber,
gestern waren wir in den Kammerspielen bei
der »Liebelei«. Ich möchte Ihnen sagen, wir sehr mich
dieses Stück wieder ergriffen hat. Übrigens nicht mich
allein, sondern alle. Otti, Wolff, und das ganze Publi¬
cum. Bei mir waren da natürlich noch andere Dinge,
die mich im Anhören tief gerührt haben. Aber daneben
und drüber hinaus hab ich doch gesehen, wie schön
dieses Werk ist, und habe vor allem gespürt, dass es
sicherlich bleiben wird. Es ist ein Ausdruck unserer
Epoche darin und dabei etwas so zeitlos Wahres und
im Gefühl Starkes. Die Höflich über alle Begriffe herr¬
lich. Pagay einfach wundervoll. Die Anderen fast
unmöglich. – Heute war Generalprobe, und ich
weiß noch garnichts. Bassermann beinahe schlecht.
Die Wrkung auf mich matt. Ich bin bald in
Wien.
Inzwischen viele schöne Grüße
von uns zu Ihnen. herzlichst
Ihr
Salten</Unicode>
            </TextEquiv>
        </TextRegion>
    </Page>
</PcGts>
