4905 7191
919 1477 1217 1537 Flir
1335 1481 1660 1541 Galie

3332 1663 3507 1723 I.
3517 1667 3664 1727 X.
3669 1669 3716 1729 1h

1182 2550 1466 2610 Lieber,

1633 2699 1710 2759 ich
1812 2703 2085 2763 möchte
2150 2703 2376 2763 Ihnen
2477 2699 2524 2759 ih
2614 2695 2685 2755 Sie
2750 2687 2875 2747 auf
2940 2683 3035 2743 den
3101 2675 3481 2735 Semmerng
3546 2663 3861 2723 fahren,
3879 2646 4057 2706 rasch
4164 2631 4324 2691 noch

913 2875 1338 2935 hitdeilen,
1354 2879 1472 2939 dass
1521 2875 1570 2935 ict
1634 2868 1866 2928 gestern
1941 2859 2189 2919 Abends
2270 2851 2394 2911 ut
2469 2845 2701 2905 Berger
2771 2836 3002 2896 mach
3110 2827 3240 2887 und
3320 2819 3395 2879 die
3465 2804 3875 2864 Geleenheit
3950 2772 4472 2832 wahrnahnn.

903 3007 991 3067 ein
1073 3007 1183 3067 Wort
1260 3014 1349 3074 für
1448 3011 1509 3071 die
1586 2999 1856 3059 Sandrock
1950 2995 1961 3055 zu
2088 2991 2391 3051 sagen.
2402 2979 2601 3039 Berger
2672 2977 2744 3037 ist
2816 2971 3103 3031 bereit,
3125 2963 3191 3023 sie
3257 2956 3268 3016 zu
3417 2943 3885 3003 enfagiren.
3896 2911 4486 2971 Bedinzungen.

900 3121 958 3181 ie
1038 3133 1175 3193 dast
1279 3143 1440 3203 niht
1520 3140 1756 3200 glerf,
1773 3127 1899 3187 dasf
1980 3127 2371 3187 übrnaupt
2451 3111 2520 3171 in
2594 3101 2819 3161 dusem
2893 3091 3083 3151 eren
3146 3082 3318 3142 Bahr
3399 3067 3640 3127 Unen
3703 3051 4513 3111 Vorschußverlangen

900 3248 978 3308 vic
1113 3265 1281 3325 dafr
1399 3263 1545 3323 Wiin
1618 3263 1730 3323 Ged
1815 3255 2169 3315 zuhaben
2242 3252 2320 3312 ist
2421 3246 2562 3306 und
2652 3235 2730 3295 sie
2831 3227 2960 3287 dem
3034 3205 3309 3265 Irrektor
3398 3195 3539 3255 mit
3618 3183 3865 3243 arlehen
3949 3174 4275 3234 Affären
4359 3165 4527 3225 Ver¬

913 3388 1307 3448 segententen
1395 3387 1654 3447 bereiten
1743 3375 2034 3435 wirde,
2049 3367 2252 3427 dann
2386 3359 2464 3419 sie
2563 3355 2713 3415 muß
2822 3348 2910 3408 sit
2983 3337 3087 3397 für
3149 3327 3242 3387 an
3310 3317 3600 3377 Andang
3684 3303 3803 3363 mit
3886 3296 3891 3356 3
4000 3289 4093 3349 bis
4155 3283 4187 3343 1o0
4280 3272 4441 3332 vo¬

921 3505 1181 3565 derrsich
1259 3515 1410 3575 Gage
1489 3515 1930 3575 begrugen,
1954 3495 2093 3555 muß
2177 3487 2305 3547 auf
2395 3483 2589 3543 wegen
2661 3465 2873 3525 Rollen
2945 3455 3157 3515 Zeduld
3229 3435 3453 3495 haben
3537 3425 3689 3485 und
3761 3414 3906 3474 dasf
3979 3407 4160 3467 daben
4251 3399 4474 3459 sieher

956 3626 1208 3686 sll,
1238 3635 1386 3695 dass
1482 3635 1550 3695 sie
1638 3628 1920 3688 würdige
1987 3611 2335 3671 aufaben
2409 3591 2743 3651 erhält.
2758 3575 3003 3635 Berger
3136 3547 3440 3607 Worte.
3470 3539 3478 3599 I
3597 3529 3781 3589 werde
3871 3522 3952 3582 die
4041 3513 4397 3573 Sonach

972 3755 1140 3815 nicht
1225 3748 1646 3808 undergehen
1730 3747 1989 3807 laßen!
2113 3731 2222 3791 dass
2281 3725 2352 3785 sie
2430 3711 2625 3771 nebn
2670 3699 2754 3759 der
2825 3684 3163 3744 Blecbtren
3247 3658 3409 3718 Pentz
3480 3648 3700 3708 haben
3784 3636 4018 3696 sind,
4037 3627 4192 3687 häld
4258 3618 4322 3678 er
4393 3615 4503 3675 für

983 3867 1274 3927 sinfer.
1292 3863 1595 3923 Vielleicht
1680 3860 1867 3920 heilen
1928 3855 1989 3915 Sie
2049 3851 2140 3911 ihr
2207 3843 2309 3903 das
2382 3828 2613 3888 mit.
2631 3815 2637 3875 I
2752 3808 3079 3868 glaube,
3091 3795 3134 3855 es
3182 3786 3297 3846 und
3364 3775 3454 3835 dhr
3534 3764 3733 3824 lieber
3806 3755 3945 3815 seie
4018 3747 4115 3807 als
4176 3743 4272 3803 ein
4333 3735 4502 3795 Pare

988 3979 999 4039 te
1114 3975 1398 4035 tk.
1421 3979 1496 4039 Sie
1577 3975 1797 4035 kann
1895 3965 2080 4025 sit,
2103 3959 2288 4019 wunn
2387 3948 2456 4008 sie
2548 3938 2623 3998 die
2693 3931 2861 3991 Sacne
2970 3916 3086 3976 auf
3144 3904 3288 3964 dieser
3346 3892 3549 3952 Basis
3624 3870 3942 3930 beweiben
4028 3859 4242 3919 wil,
4260 3854 4392 3914 mit

949 4099 1087 4159 mir
1183 4095 1268 4155 in
1347 4095 1799 4155 Verbindung
1889 4079 2209 4139 setzen.
2227 4067 2468 4127 Berger
2547 4050 2601 4110 ist
2685 4043 2788 4103 ein
2866 4027 3180 4087 Sonntag
3270 4015 3282 4075 zu
3427 3999 3680 4059 Mittag
3771 3979 3868 4039 bei
3952 3974 4212 4034 mir.
4230 3963 4284 4023 Es
4344 3959 4495 4019 häre

963 4211 1190 4271 git,
1208 4211 1435 4271 wenn
1512 4207 1564 4267 ist
1645 4204 1757 4264 bin
1821 4203 2024 4263 schin
2107 4193 2240 4253 eine
2328 4181 2480 4241 Geile
2567 4167 2684 4227 von
2766 4155 2847 4215 der
2929 4135 3256 4195 Sandrach
3361 4112 3658 4172 hätte.
3676 4100 3822 4160 Auf
3898 4087 4009 4147 den
4096 4083 4522 4143 Smmenng

985 4335 1180 4395 konn
1228 4335 1259 4395 is
1350 4339 1551 4399 beider
1642 4321 2002 4381 nicht.
2020 4315 2148 4375 Wir
2233 4303 2598 4363 wänschen
2677 4283 2829 4343 Fruu
2951 4271 3085 4331 Olga
3188 4254 3413 4314 schöm
3493 4231 3839 4291 Erholung
3918 4213 4059 4273 und
4126 4207 4369 4267 Ihnen

976 4471 1183 4531 Denden
1251 4475 1437 4535 gus
1498 4457 1793 4517 Wetter!

2312 4479 2603 4539 Hrzln
2701 4469 2815 4529 von
2895 4460 3026 4520 uns
3066 4450 3078 4510 zu
3238 4435 3437 4495 Ihnen

3653 4463 3756 4523 Ihr

3846 4599 4147 4659 Salten
