4141 6177
1853 1110 2868 1399 Donnerstag
454 1659 3697 2080 Lieber Arthur, gestern hörte ich durch einen
421 1923 3681 2294 Zufall, dass Ihr Bub Masern hat. Ihr Brief
454 2125 3693 2542 heute läßt erfreulicherweise die Vermuthung
462 2319 3747 2752 zu, dass die Sache garnicht arg ist. Wollen
433 2562 3540 2921 es hoffen und herzlichst wünschen. Wird
421 2802 3652 3144 Ihre Reise dadurch wesentlich verschoben?
466 3012 3606 3375 Wenn es mit Heini soweit besser geworden,
437 3181 3388 3569 möchten wir Sie gerne noch einen
408 3412 3726 3784 Abend bei uns sehen, ehe Sie abreisen.
673 3627 3693 4064 Über Klein würde ich gerne schreiben. Leider
437 3837 3652 4291 gehts nicht. Und ich steh’ mit Dr H. nicht
425 4040 3660 4465 so, dass ich ihm was sagen könnte. Des¬
404 4287 3408 4700 halb werde ich also versuchen, Ihre
404 4452 3573 4902 Bitte dem Professor Singer zu comuni¬
400 4918 994 5183 ziren.
813 4873 3474 5389 Bitte geben Sie bald Nachricht,
