4107 3969
807 1246 1115 1306 kann,
1131 1246 1258 1306 dass
1327 1245 1391 1305 die
1460 1243 1539 1303 Es
1614 1243 1964 1303 Gsellschaft
2028 1237 2123 1297 hihre
2187 1237 2288 1297 Zt
2373 1240 2553 1300 schoer
2622 1244 2633 1304 so
2723 1249 2845 1309 sehr
2920 1249 3020 1309 für
3089 1252 3461 1312 sammmmeen
3530 1254 3657 1314 hält

782 1385 851 1445 des
908 1383 965 1443 ist
1051 1382 1126 1442 ein
1201 1374 1350 1434 böses
1407 1371 1729 1431 Ichen.
1746 1360 1912 1420 Tinz
1969 1353 2331 1413 Eedinand
2417 1361 2555 1421 mift
2641 1368 2784 1428 eben
2858 1371 2968 1431 auf
3042 1373 3157 1433 mir
3231 1374 3415 1434 schon
3501 1365 3662 1425 seinte

775 1508 1103 1568 schwaszen
1178 1496 1426 1556 Shaken
1512 1493 1808 1553 vonaus:
1824 1484 1909 1544 die
1968 1487 2031 1547 ist
2095 1487 2153 1547 die
2206 1490 2566 1550 Innlschaft
2646 1493 2731 1553 im
2810 1497 3176 1557 sngtnater
3229 1505 3240 1565 zu
3346 1505 3611 1565 knnn

814 1643 1154 1703 slaube,
1169 1634 1379 1694 enan
1470 1628 1528 1688 sie
1609 1624 1734 1684 und
1816 1613 2031 1673 Wonne
2141 1616 2232 1676 in
2357 1613 2870 1673 Schaanfreude
2980 1619 3114 1679 und
3195 1622 3329 1682 und
3401 1622 3574 1682 alen

790 1743 1312 1803 übnreibrungen
1403 1738 1462 1798 der
1538 1738 2001 1798 Stiebsamkeit
2104 1738 2163 1798 in
2233 1732 2324 1792 der
2372 1741 2890 1801 Ankeolanung
2965 1742 3035 1802 dis
3089 1750 3471 1810 diepemus
3557 1755 3686 1815 mut

812 1860 1103 1920 helfen.
1113 1854 1118 1914 I
1218 1863 1373 1923 habe
1454 1863 1554 1923 sehr
1629 1859 1709 1919 das
1759 1866 2030 1926 Befäll,
2045 1873 2150 1933 den
2210 1872 2266 1932 in
2321 1869 2461 1929 dienr
2526 1874 2847 1934 Bezichug
2942 1872 3283 1932 ungahnt
3373 1874 3543 1934 dinge
3609 1871 3790 1931 Aevct¬

772 1992 1060 2052 Iieheen.
1075 1983 1175 2043 Wer
1237 1981 1426 2041 Läben
1472 1980 1660 2040 ind,
1671 1977 1775 2037 und
1844 1980 2063 2040 sehen.

1225 2145 1326 2205 Auuf
1368 2156 1490 2216 gutes
1558 2153 1897 2213 Wiedenschn
1966 2150 2099 2210 und
2162 2150 2279 2210 viele
2337 2156 2617 2216 hnzeche
2691 2154 2871 2214 Grüße

3026 2273 3119 2333 Ir
3196 2305 3409 2365 Salten
