2777 4902
1577 973 2446 1116 Heiligenstadt, 3. VIII. 07
352 1134 2472 1306 Lieber, ich habe Ihre letzte Karte nicht gut lesen können, glaube
329 1240 2451 1397 aber dass Sie noch in Waldbrunn sind. Uns ist es nicht be¬
323 1328 2396 1500 sonders gegangen. Otti mußte operirt werden, was zu Hause
339 1402 2382 1571 geschah. Sie hat sich bis heute noch nicht völlig erholt.
337 1487 2385 1659 Der Arzt will, dass sie jetzt noch eine Kur brauchen soll. So
331 1569 2430 1757 gehen wir nächster Tage auf 4 Wochen nach Marienbad. Ich
329 1662 2377 1855 komme eben von dort, wo ich Wohnung genommen habe.
321 1741 2385 1924 Vorher war ich ein paar Tage in Karlsbad. Unsere Adreſse
321 1836 2446 2025 ist dann, (wahrscheinlich vom 8. an) »Quisiana«. Ein sehr
329 1905 2451 2094 hübsches Haus, oben im Wald bei der Waldmühle. Paul ist dieser
339 2001 2427 2223 Tage auch wieder krank geworden, hoffentlich wird er sich in
334 2096 2414 2292 Marienbad vollständig erholen. Wann kommen Sie nach
334 2194 2443 2382 Wien zurück? Spielen Sie dort Tennis? Haben Sie gearbei¬
337 2284 2438 2472 tet? Haben Sie für den Sepiember Reisepläne? Ich möchte im
326 2377 2380 2592 September irgend eine Meerfahrt machen. Athen oder so
326 2454 2396 2669 was ähnliches. Bahr hat mir vom Lido einen entrüsteten
329 2557 2374 2769 Brief geschrieben, weil mich der Pötzl im Tagblatt gelobt
337 2642 2462 2867 hat. Und der Pötzl hat mich gelobt, weil ich im »Morgen«
326 2730 2388 2960 Wien gelobt habe. Es ist eine düstere Sache, wie Sie sehen.
323 2801 2462 3055 Aber was soll ich thun? Ich zittere, dass mich am Ende nächstens
329 2912 2361 3175 auch noch der Seligmann lobt, oder der Hugo Ganz und
334 3005 2457 3246 dann wird mich Bahr sicherlich total verachten, und komme
334 3077 2398 3334 ich einmal in die Oper, wird die M. zu singen aufhören,
329 3167 2459 3405 weil ich da bin. Mir fehlt zu meinem gänzlichen Untergang
326 3281 2409 3514 nur noch, dass Robert Hirschferd ein Feuilleton über mich schreibt,
334 3331 2406 3596 und dem Gustav S-Kopf in einem Aufruf die Wiener einlädt,
329 3418 2406 3689 meine Bücher fleißiger zu kaufen. Dann bin ich ganz kaput,
329 3485 2422 3736 und kann mich von Dr Spitzer ehrlicher Weise nicht einmal mehr
334 3575 2377 3837 fotografiren laſsen. Ich habe trübe Ahnungen und bin auf
344 3657 2459 3917 das Schlimmste gefaſst. Aber, wenn’s mir bestimmt ist, kann
344 3768 2321 3996 ich garnichts machen. – Hoffentlich geht es Ihnen allen gut.
358 3845 2441 4068 Leben Sie wol und schreiben Sie bald wieder eine Zeile. Herzliche
374 3967 2035 4179 Grüße von uns zu Ihnen. Ihr FSalten
411 4092 2242 4293 Viele herzliche Grüße Ottilie S.
