7274 6207
3700 1155 6793 1413 vor solchen Verfehlungen ebenso wie vor allzufrühen, taktlosen Vertrau¬
3711 1331 5305 1527 lichkeiten mit dieser Stadt bewahrt.
3704 1409 6855 1656 Wie Herr Wenzel aufgenommen wird, bin ich neugierig. Es ist das erstemal,
3704 1554 6742 1766 dass ich eine Novelle von mir in der Correctur ohne Desperation und
3704 1691 5360 1887 tiefe Niedergeschlagenheit lesen konnte.
3739 1742 6757 2004 Mein Verkehr hier? Ab und zu Hermann, Jakobsohn. Dann Rittner.
3735 1883 6720 2106 Und Fischers, die mir aus der Nähe immer sympathischer werden.
3731 1955 6794 2255 Selten Reinhardt und seine Leute, manchmal Bie (sehr lieb und fein)
3743 2087 6820 2353 und Poppenberg. Zwei, drei lange Gespräche mit Kerr; fast garnicht
3751 2169 6800 2451 mehr Harden. Dazwischen die Gesellschaften, denen sich nicht ausweichen
3758 2263 6867 2549 läßt. Bei meinem Schwager Musikleute: Safonoff, Godowski, Nikisch,
3758 2357 6804 2666 Kreisler. Hie und da eine ärgerliche, manchmal eine nette Stunde mit
3790 2455 6843 2768 Frau Fulda. Das ist alles; ist genug, ist – gelegentlich sogar zu viel. Ich
3774 2580 6769 2878 will lieber lesen, will jetzt viel, sehr viel lesen; lerne ein bischen
3770 2670 6824 2987 spanisch und gehe mit Otti im Thiergarten spazieren, wo es – un¬
3762 2776 6800 3109 glaublich aber wahr – gerade jetzt einfach märchenhaft schön ist.
3739 2936 6871 3253 Otti läßt Frau Olga um Entschuldigung bitten, weil sie ihren lieben Brief noch
3739 3068 6796 3371 nicht beantworten konnte. Sie hat sich erst die linke Hand verbrannt,
3747 3132 6781 3484 und kaum die halbwegs gut war, wieder die rechte verbrüht. Da
3747 3269 6824 3563 wir nicht hoffen, dass sie jetzt wieder von vorne anfängt, rechnen wir
3770 3359 6871 3696 darauf, dass sie bald wieder den Gebrauch all ihrer Gliedmaßen er¬
3770 3449 6836 3813 langt. Die Kinder sind reizend, und wir alle grüßen Sie alle aufs
3782 3743 4267 3970 Herzlichste.
4843 3696 5493 3884 Ihr Salten
3817 3872 6765 4197 NB. Heute sahen wir Ludaßy in der Friedrichstraße. Wir haben sehr ge¬
3860 4029 6624 4326 staunt, weil wir dachten, er sei – wie lange schon! – gestorben.
3958 4154 6777 4467 Dr Ginsberg schrieb mir sehr entzückt über die freundl. Aufnahme
3962 4373 5074 4565 bei Ihnen. Vielen Dank!
