3277 5097
356 1219 2768 1377 zu der Empfindung zu überreden sein, dass ich an
360 1307 2800 1485 dem Abbruch unserer Beziehungen Schuld trage, und
360 1410 2848 1589 nie werde ich dieses Auseinandergehen verhindern, wenn
368 1511 2816 1685 mir gesagt wird, dass ich enervante Wirkungen ausübe,
352 1603 2804 1781 und wenn ich sehe, dass ein noch so zart gemeintes Be¬
348 1699 2736 1897 denken mir als Misstrauen ausgelegt werden kann.
360 1795 2720 2013 Dagegen werde ich alles aufbieten, eine Freundschaft zu
368 1915 2832 2129 erhalten, die ich als die einzige meines Lebens bezeich¬
380 2011 2748 2241 nen muß, die mir bisher - ich glaube es bewiesen zu
372 2107 2832 2345 haben - menschlich und künstlerisch theuer war, und
380 2223 2832 2445 die man in meinem Alter ja auch nicht ohne starke
392 2303 2780 2549 Erschütterung verliert, - wenn mir wie sonst die Mög¬
408 2423 2820 2653 lichkeit bleibt, ohne Angst vor Missdeutungen, und
404 2551 2804 2761 ohne Angst vor verzehrender Milde alles rückhaltlos
420 2643 2784 2881 zu sagen was ich denke! Und es erscheint mir
408 2763 2816 2985 leider notwendig hier noch etwas hinzuzufügen,
1848 2867 2040 2921 gegen Sie
424 2863 2912 3097 dass mein schärfster Gedanke bis auf den heutigen
420 2979 2896 3213 Tag noch nicht scharf genug gewesen ist, um
408 3071 2876 3337 auch nur eines Kindes Haut zu ritzen. Ich meine:
428 3271 1576 3441 darauf kommt es an!
1808 3467 2508 3569 Ihr FS.
