4934 6306
1267 1881 4217 2141 Gewiss, lieber Freund, schon in Deinen Briefen hat¬
907 2145 4365 2336 test Du allerlei Bedenken gegen die »Beatrice« ausgespro¬
914 2347 4188 2561 chen; und in Deinem Feuilleton über dasselbe Stück war
896 2589 4038 2760 manches Lob enthalten. Nichtsdestoweniger wird jeder
907 2733 4216 2940 objektiv Urteilende von Deinen Briefen über die »Beatri¬
908 2906 3953 3153 ce« den Eindruck empfangen: Freudige Begrüssung des
907 3118 4246 3323 Werks nicht ohne Einwendungen; – von Deinem Feuilleton:
884 3364 4193 3526 Ablehnung mit Zibeben; – so verschieden ist der Grund¬
934 3529 4175 3778 ton Deiner Privatäusserungen gegenüber dem Deines Zei¬
914 3754 4177 3928 tungsartikels. Wenn ich also schon keinen Grund sehe,
911 3985 4020 4165 dass Dich die Lektüre der Briefkopien vor Erstaunen
907 4153 4071 4327 starr gemacht hat, so begreife ich noch weniger Deine
892 4352 4204 4502 Behauptung, dass die Briefkopien von mir, als Dokumente
907 4562 3939 4779 gegen Deine Ehre gedacht waren. Sie waren und sind
896 4785 4072 4947 nichts anderes als Beweise, dass Deine Ansichten über
920 4960 4080 5134 ein Stück im Laufe von zwei Jahren erheblich gewech¬
904 5154 3765 5385 selt haben und als solche bleiben sie bestehen.
1206 5354 4083 5513 Zu dem Fall der »Lebendigen Stunden« übergehend
884 5497 3953 5740 möchte ich vor allem erklären, dass ich die Dir ge¬
