3319 5991
1671 1478 2815 1548 Hietzing, 23. IX. 98
507 2334 2919 2412 Lieber Arthur, von Frau Schmittlein höre
375 2558 2987 2624 ich, dass die Rollen zum »Vermächtnis« schon
339 2762 2819 2836 eingetheilt sind. Vielleicht theilen Sie mir,
343 2978 2823 3044 bitte, mit, ob Frl. Metzl nichts bekommt.
339 3190 2819 3256 Ich möchte ihr doch gerne etwas Tröstendes
359 3402 2907 3464 und Beruhigendes sagen, ehe sie's erfährt.
355 3622 2807 3688 Denn ich habe ihr nach Ihrer Zusage sehr
363 3838 2847 3904 viel Hoffnung auf die Rolle gemacht, so
339 4050 2923 4120 dass es sie es diesmal besonders schmerzlich
359 4258 2879 4332 empfinden wird, übergangen zu werden.
903 4486 1995 4572 Herzlichst Ihr
2059 4602 2563 4680 Salten
