4271 4244
2258 2122 3437 2320 Herrn Dr Arthur Schnitzler
2797 2672 3421 2851 Semmering
2807 2968 3468 3112 Südbahnhotel
585 1745 2027 1920 Lieber, wir waren erst gegen 2h in Wien, 3/43 in
574 1850 2104 1998 Heiligenstadt, wo wir essen muſsten. Wir haben
570 1947 2068 2087 Ihrem Herrn Bruder gleich telefonirt, fuhren
560 2042 2068 2184 auch ohne Verzögerung in die Stadt, aber
576 2120 2093 2268 bei dem heftigen Sturm kamen die Pferde nur
574 2217 2093 2338 schwer vorwärts. Und als wir mit einer Ver¬
566 2295 2130 2451 spätung um 10 Minuten in die Biberstraße
568 2422 2122 2534 kamen, wurden wir nicht mehr angenommen.
572 2486 2064 2634 Mir that es sehr leid, umso mehr, als ich ja
580 2575 2116 2756 eigens wegen dieser Consultation um 10.17 vom
574 2665 2120 2869 Semmering weg bin und nicht mit dem Schnell-¬
572 2828 722 2931 Zug.
624 2865 2062 3021 Vielleicht komme ich am Montag früh, oder
595 2954 2021 3108 um 2h. von Brünn aus noch einmal für
568 3052 2052 3236 einen Tag hinauf. Grüßen Sie alle, Ihre Frau,
601 3147 2073 3283 Ihre Mama, Hofmannsthal, Wassermann u.
591 3258 1797 3357 Frau Kainz. Herzlichst Ihr Salten
