4197 4030
663 1092 3702 1338 Lieber, für die Wocheiner Pläne ist Waldbrunn immerhin ein überraschendes Resultat. Aber
671 1264 3620 1436 Welsberg ist sehr schön. – Was haben Sie denn für Wetter dort? Bei uns geht man im
663 1323 3718 1557 Winterrock, was die Neue freie Presse veranlaßt, ihre Sonntagsfeuilletonisten über
667 1447 3640 1658 Hitzschläge plaudern zu laſsen. – Gestern wurde Beer-Hofmanns Vater begraben, der
652 1525 3737 1752 furchtbar gelitten haben soll. Mahlers Kind – hat mich so ergriffen, dass ich garnicht
644 1627 3652 1845 zur Ruhe kommen konnte. – Erinnern Sie sich, dass ich seine Kindertotenlieder nicht
636 1709 3773 1951 hören konnte? – Überhaupt ist es ein lieblicher Sommer: mit meinem Bruder Emil
632 1826 3691 2052 hatte ich noch manchen Schrecken auszustehen. Doch geht’s ihm jetzt in Edlach besser.
628 1912 3624 2169 Otti ist dauernd leidend und muß dieser Tage eine Operation überstehen. Lauter
612 2025 3722 2263 angenehme Dinge. Ob wir dann noch fortreisen, weiss ich nicht. Sehr weit schwerlich.
628 2126 3351 2395 Laſsen Sie bald wieder was hören und seien Sie alle von uns herzlichst gegrüßt
3176 2259 3616 2473 Ihr Salten
601 2501 921 2700 15. 7. 07.
