4107 3969
725 1180 815 1240 sief
883 1177 1130 1237 erhoten
1204 1174 1440 1234 kann
1547 1177 1863 1237 Inchnn
1964 1180 2151 1240 grand
2230 1177 2353 1237 uns
2426 1180 2512 1240 ein
2568 1186 2815 1246 böinen
2900 1186 3002 1246 vor
3075 1198 3210 1258 dem
3283 1200 3509 1260 Engug
3582 1204 3638 1264 in
3689 1206 3835 1266 Wim,

768 1311 839 1371 dor
910 1308 1079 1368 allen
1150 1302 1577 1362 Gschenaten,
1590 1299 1599 1359 di
1729 1296 1817 1356 wir
1902 1296 2035 1356 und
2128 1293 2244 1353 dem
2310 1301 2577 1361 Hans,
2599 1308 2670 1368 die
2746 1309 3102 1369 Meiben,
3115 1314 3204 1374 din
3275 1308 3666 1368 Handwerke

741 1437 864 1497 und
955 1433 1256 1493 zunächst
1348 1431 1476 1491 mit
1562 1432 1686 1492 dem
1740 1429 2121 1489 Kannrherrn
2190 1431 2416 1491 haben
2497 1437 2814 1497 wendin,
2835 1437 2921 1497 der
3002 1434 3168 1494 niig
3259 1435 3458 1495 wieder
3528 1426 3662 1486 mier

763 1580 980 1640 mmer
1038 1583 1208 1643 winder
1276 1579 1287 1639 zu
1404 1577 1679 1637 schröffen
1758 1575 1933 1635 nicht

765 1683 771 1743 I
873 1698 1018 1758 fren
1102 1702 1247 1762 nugg
1325 1695 1542 1755 sehr,
1560 1702 1680 1762 das
1722 1705 1758 1765 is
1824 1703 2005 1763 Ihrer
2071 1705 2390 1765 Lnwreiter
2462 1707 2570 1767 gut
2643 1705 2847 1765 geht.
2866 1714 3082 1774 Bitte,
3100 1711 3334 1771 äußen
3395 1714 3455 1774 Sie
3521 1717 3581 1777 sin
3648 1725 3816 1785 viel.

733 1825 916 1885 mals
989 1829 1119 1889 von
1213 1836 1500 1896 uns!
1515 1834 1714 1894 Haben
1781 1837 1839 1897 Sie
1954 1839 2110 1899 nur
2189 1837 2257 1897 in
2345 1837 2684 1897 Mnchen
2758 1831 2862 1891 Ihre
2945 1834 3399 1894 Kngeidrese
3477 1834 3780 1894 Zuscimen

729 1967 1091 2027 geshen?
1107 1959 1154 2019 Ir
1233 1964 1348 2024 bin
1422 1962 1548 2022 sehr
1632 1956 2021 2016 imging
2121 1959 2525 2019 derauf,
2546 1959 2678 2019 und
2772 1953 2972 2013 wäßte
3062 1950 3287 2010 gem,
3309 1950 3545 2010 hann
3597 1941 3739 2001 imm

742 2099 975 2159 wolnn
1076 2091 1143 2151 Sie
1220 2093 1543 2153 gehen.
1560 2087 1899 2147 Dedenfalls
1989 2090 2189 2150 einde
2262 2084 2317 2144 irf
2389 2082 2450 2142 Sie
2518 2084 2668 2144 aber
2745 2083 2857 2143 dorf
2907 2075 3119 2135 genin
3208 2072 3419 2132 vonner
3491 2069 3647 2129 noch

778 2225 992 2285 sngen
1041 2225 1353 2285 höbe,
1372 2228 1513 2288 nas
1581 2222 1631 2282 ist
1728 2224 1908 2284 mir
1986 2213 2269 2273 Lebnaft
2385 2204 2819 2264 nünche,
2834 2207 2971 2267 und
3053 2199 3375 2259 möchte,
3394 2202 3575 2262 wunn
3643 2201 3774 2261 Sie¬

775 2356 1166 2416 geasn,
1182 2350 1315 2410 auf
1383 2347 1478 2407 Ihr
1564 2341 1981 2401 Proganem
2098 2341 2188 2401 als
2241 2319 2781 2379 Privudknget
2865 2323 2881 2383 zu
3003 2320 3178 2380 hörne
3273 2323 3755 2383 bekmmmen.

758 2466 764 2526 I
851 2472 955 2532 bin
1026 2474 1114 2534 jetzt
1186 2473 1197 2533 so
1295 2475 1552 2535 ginneng
1635 2472 1876 2532 seher,
1892 2472 2008 2532 dass
2073 2469 2128 2529 Sie
2199 2471 2281 2531 an
2341 2465 2501 2525 Ihrer
2566 2458 2863 2518 Wirlung
2934 2451 3109 2511 Freud
3196 2454 3399 2514 haben
3454 2448 3662 2508 werden

758 2595 927 2655 wenn
1006 2592 1074 2652 Sie
1158 2589 1355 2649 wieder
1434 2586 1733 2646 oflnkug
1806 2588 2065 2648 singen.

747 2710 855 2770 Wes
906 2708 1116 2768 loeben
1167 2711 1235 2771 Sie
1292 2711 1428 2771 dazu
1531 2711 1803 2771 gesarzt,
1815 2710 1928 2770 dass
2002 2708 2138 2768 Herr
2286 2718 2507 2778 Kaeck
2598 2717 2700 2777 für
2780 2711 2859 2771 das
2905 2706 3325 2766 Bingthater
3410 2711 3756 2771 kandnrdt

726 2826 831 2886 mird
890 2809 1009 2869 .
1029 2821 1536 2881 Semzärnateif

1127 2959 1229 3019 Voch
1338 2963 1630 3023 herzliche
1704 2965 1899 3025 grüße
1973 2960 2088 3020 von
2156 2959 2293 3019 uns
2340 2959 2579 3019 allen,
2597 2954 2797 3014 ehiso
2849 2940 2957 3000 ven
3003 2932 3340 2992 Pischeis.

2527 3063 2954 3123 nunmalig
3092 3057 3204 3117 Ihr
3290 3081 3421 3141 Fieu
3507 3081 3717 3141 Salen
