4915 7225
848 1584 1149 1644 Flir
1271 1584 1689 1644 Salrer

3423 1587 3813 1647 Herhut,
3827 1572 3981 1632 22.
4001 1559 4176 1619 II.
4190 1552 4271 1612 1.

1439 2588 1633 2648 Lieber

1766 2696 1832 2756 Die
1892 2698 2004 2758 sint
2070 2704 2217 2764 men
2282 2700 2374 2760 wol
2449 2690 2606 2750 schon
2672 2683 2728 2743 in
2779 2671 2966 2731 Brivun
3047 2660 3153 2720 und
3224 2650 3401 2710 haeben
3467 2640 3563 2700 dort
3634 2636 3761 2696 gewiß
3841 2636 3907 2696 all
3963 2633 4014 2693 die
4079 2629 4262 2689 schöm
4327 2626 4494 2686 Sonne

1209 2860 1282 2920 Sie
1360 2861 1459 2921 us
1516 2852 1595 2912 sit
1683 2845 1766 2905 din
1824 2836 2006 2896 Tagen
2069 2829 2178 2889 hier
2241 2810 2460 2870 Fehlt.
2481 2800 2595 2860 Hier
2668 2796 2773 2856 gabt
2918 2784 3112 2844 Ihnoe
3205 2778 3430 2838 Grntter
3518 2765 3633 2825 und
3711 2755 3972 2815 agen.
3987 2744 4143 2804 Men
4212 2733 4373 2793 muß
4446 2736 4513 2796 im

1232 2977 1449 3037 fimer
1518 2976 1786 3036 alzen,
1800 2966 1929 3026 aber
1999 2959 2082 3019 des
2142 2944 2332 3004 Sördest
2429 2926 2618 2986 omme
2702 2909 2896 2969 Arbeit
2988 2899 3233 2959 nicht.
3247 2892 3423 2952 Wenn
3501 2878 3594 2938 mir
3668 2864 3904 2924 schins
3968 2856 4130 2916 Werter
4200 2844 4375 2904 haben
4426 2844 4509 2904 und

1205 3096 1288 3156 am
1342 3093 1636 3153 Vormnttag
1724 3084 1989 3144 Afug
2102 3064 2469 3124 machen,
2479 3052 2709 3112 benge
2797 3039 2807 3099 i
2925 3025 3037 3085 wert
3125 3010 3287 3070 mihr
3361 2992 3787 3052 zusdtande.
3802 2972 3875 3032 Der
3924 2972 4091 3032 geaue
4184 2960 4473 3020 kimmmel

1231 3216 1429 3276 macht
1502 3206 1637 3266 ug
1727 3200 1964 3260 kat.

1721 3304 1822 3364 Was
1870 3296 1923 3356 Sie
1987 3296 2089 3356 mir
2158 3286 2275 3346 über
2339 3273 2478 3333 dhren
2563 3257 2846 3317 Brnnpee
2963 3229 3311 3289 sereib,
3321 3228 3412 3288 hab
3492 3228 3502 3288 i
3577 3214 3849 3274 garicnt
3902 3203 4111 3263 andis
4175 3184 4468 3244 enatet.
4484 3186 4548 3246 Ich

1207 3420 1434 3480 venden
1513 3412 1539 3472 es
1604 3410 1613 3470 so
1713 3404 1862 3464 gut,
1870 3400 1958 3460 dass
2032 3392 2084 3452 Sie
2154 3384 2425 3444 garncht
2503 3355 2713 3415 anars
2778 3336 3114 3396 verfannn
3192 3320 3559 3380 könen.
3572 3315 3673 3375 Das
3738 3304 3869 3364 süne
3947 3296 3995 3356 ist
4078 3292 4209 3352 nun
4275 3279 4431 3339 de,
4440 3276 4453 3336 e

1252 3519 1301 3579 ist
1389 3517 1473 3577 ein
1540 3503 1855 3563 lbendigs
1917 3492 2183 3552 Wenn,
2197 3479 2285 3539 hat
2352 3463 2503 3523 sine
2573 3440 3066 3500 Urtwendigkeit
3137 3416 3261 3476 und
3323 3412 3478 3472 seine
3567 3400 3882 3460 Unnen
3997 3384 4126 3444 und
4192 3376 4224 3436 es
4290 3366 4427 3426 wun
4503 3364 4512 3424 Sr

1203 3604 1257 3664 die
1341 3600 1726 3660 mimögeng,
1739 3592 1859 3652 unm
1939 3587 2045 3647 disn
2116 3576 2324 3636 Ztenz
2400 3556 2515 3616 nun
2577 3543 2723 3603 mar
2785 3534 2794 3594 zu
2905 3520 3224 3580 mann.
3233 3512 3268 3572 Ir
3348 3508 3507 3568 kann
3587 3503 3619 3563 es
3667 3495 3782 3555 mir
3857 3483 3955 3543 wler
4017 3473 4230 3533 libhoft
4319 3454 4501 3514 deran¬

1254 3708 1350 3768 dan
1388 3704 1398 3764 Si
1514 3698 1552 3758 es
1619 3693 1692 3753 aus
1764 3688 1813 3748 die
1875 3674 2150 3734 sceimme
2285 3644 2623 3704 sintugliedt
2680 3628 2965 3688 epfnean
3061 3613 3129 3673 des
3182 3605 3273 3665 Sk
3365 3594 3645 3654 versickig
3712 3570 4252 3630 zurückzühalten,
4266 3556 4478 3616 sastes

1223 3804 1368 3864 aum
1413 3801 1503 3861 Weg
1578 3792 1723 3852 giehen
1798 3784 1922 3844 und
1982 3772 2082 3832 seie
2157 3750 2407 3810 Schicknt
2487 3734 2656 3794 haben
2722 3728 2732 3788 zu
2826 3716 2986 3776 loften
3091 3696 3346 3756 Pifegun
3425 3689 3560 3749 teea
3705 3677 3770 3737 Sie
3845 3664 4065 3724 egüf
4169 3650 4474 3710 resstenen.

1205 3904 1305 3964 dass
1338 3904 1376 3964 icf
1438 3896 1529 3956 füs
1586 3888 1686 3948 ate
1777 3878 1853 3938 doch
1934 3868 2006 3928 den
2063 3859 2235 3919 kernuf
2302 3840 2578 3900 machte,
2593 3836 2635 3896 Sie
2697 3828 2773 3888 zur
2836 3819 3045 3879 Vornicnt
3112 3810 3122 3870 zu
3236 3788 3551 3848 bewegen.
3565 3778 3642 3838 Von
3718 3764 3813 3824 nus
3865 3752 4023 3812 brirn
4114 3744 4300 3804 müßte
4362 3740 4409 3800 ist

1242 4000 1353 4060 Voder
1419 3994 1534 4054 wot
1596 3984 1662 4044 ein
1711 3975 1932 4035 andeser
1998 3958 2140 4018 Ihrer
2193 3948 2383 4008 Freunk
2516 3939 2569 3999 die
2622 3924 2906 3984 Bednin
2989 3911 3304 3971 habeen,
3322 3891 3437 3951 und
3498 3885 3547 3945 Sie
3640 3870 3720 3930 den
3777 3850 4007 3910 mut.
4025 3841 4361 3901 Engekehst
4432 3833 4441 3893 i

1248 4092 1479 4152 winiger
1529 4080 1908 4140 angenchen,
1927 4062 2023 4122 und
2088 4056 2097 4116 i
2204 4046 2342 4106 einmp
2430 4034 2712 4094 sagen,
2725 4024 2771 4084 in
2854 4016 2910 4076 t
2993 4015 3196 4075 zungen
3279 3989 3566 4049 Gnhichte
3672 3973 3787 4033 dis
3847 3955 4027 4015 Sökes
4106 3945 4304 4005 mönte
4382 3932 4438 3992 ict

1272 4196 1404 4256 wehr
1460 4196 1540 4256 fit
1597 4196 1756 4256 jezt,
1775 4188 1888 4248 noch
1959 4172 2038 4232 für
2085 4156 2297 4216 alls,
2311 4144 2415 4204 us
2471 4133 2594 4193 etia
2687 4123 2796 4183 nif
2871 4107 3205 4167 könt,
3214 4093 3398 4153 unsere
3464 4069 3765 4129 Dinussem
3830 4054 3948 4114 über
4014 4048 4084 4108 die
4150 4039 4442 4099 Gtührluf

1247 4296 1550 4356 nlfat
1638 4302 1782 4362 nicht
1870 4286 2173 4346 missen.
2184 4267 2228 4327 Ih
2267 4257 2389 4317 hoft
2466 4236 2802 4296 übigens,
2813 4222 2897 4282 das
2946 4216 2952 4276 i
3062 4208 3112 4268 in
3183 4195 3393 4255 miner
3454 4168 3746 4228 Brnirgris
3823 4160 3834 4220 zu
3918 4148 4138 4208 schnang
4210 4136 4425 4196 zeschen

1251 4400 1441 4460 nibe,
1457 4404 1549 4464 und
1628 4396 1716 4456 dass
1779 4392 1862 4452 aug
1911 4384 2019 4444 hir
2087 4374 2209 4434 anes
2283 4360 2444 4420 anan
2494 4340 2758 4400 kommen
2802 4328 2987 4388 und,
3002 4316 3041 4376 ob
3119 4303 3246 4363 man
3310 4292 3403 4352 i's
3462 4267 3755 4327 venint.

1736 4492 1825 4552 Wir
1874 4489 2000 4549 hahen
2054 4482 2143 4542 hir
2206 4462 2587 4522 zineligdile.
2601 4444 2789 4504 Wisem
2834 4436 2932 4496 sind
2991 4428 3063 4488 sit
3112 4422 3228 4482 einer
3278 4412 3421 4472 Wiche
3488 4404 3605 4464 di.
3619 4398 3821 4458 Sieda
3968 4390 4054 4450 sit
4116 4380 4251 4440 wiebn
4296 4380 4484 4440 Wehen

1280 4591 1302 4651 Wr
1346 4592 1391 4652 ist
1461 4592 1563 4652 mir
1638 4588 1731 4648 und
1810 4581 1947 4641 aichn
2022 4561 2460 4621 Freiondactig
2513 4540 2721 4600 Ihren
2809 4511 3516 4571 beründengnntrg.
3534 4493 3578 4553 Er
3627 4492 3742 4552 Ennt
3804 4480 4161 4540 hamänt,
4175 4472 4352 4532 sicst
4413 4468 4533 4528 keui

1237 4690 1675 4750 konmponst,
1688 4674 1946 4734 feintet,
1959 4664 2073 4724 und
2139 4653 2235 4713 hat
2314 4651 2367 4711 in
2433 4642 2621 4702 allein
2709 4625 2870 4685 einen
2936 4614 2980 4674 in
3041 4600 3387 4660 verklärten
3457 4578 3873 4638 Egzoinnus,
3886 4564 3979 4624 dass
4031 4556 4198 4616 man
4289 4548 4477 4608 nickle

1233 4777 1291 4837 sie
1345 4790 1431 4850 Grüß
1544 4772 1940 4832 eimpfindet.
1949 4760 1990 4820 Ef
2048 4753 2332 4813 entledige
2404 4738 2535 4798 mif
2598 4726 2697 4786 mir
2778 4711 2972 4771 einiger
3044 4685 3621 4745 kuß-Arbeiler,
3639 4660 3752 4720 und
3824 4652 4031 4712 dnte,
4049 4652 4121 4712 in
4180 4644 4333 4704 Maet
4405 4648 4464 4708 zun

1229 4884 1572 4944 wielsigene
1649 4876 1852 4936 köen
1924 4869 1933 4929 zu
2033 4855 2371 4915 genegin.
2380 4841 2444 4901 All
2516 4830 2624 4890 sind
2674 4820 2827 4880 wiel,
2841 4809 2936 4869 und
2990 4801 3152 4861 acten
3215 4792 3301 4852 aut
3365 4784 3477 4844 geter
3518 4768 3739 4828 Witer.
3753 4754 3920 4814 Lalben
3987 4748 4037 4808 Sie
4105 4741 4200 4801 us
4259 4736 4425 4796 näßen

1271 4967 1310 5027 de
1353 4977 1388 5037 es
1435 4980 1562 5040 Ihnen
1631 4980 1766 5040 allen
1840 4976 2005 5036 geht,
2022 4967 2031 5027 i
2131 4958 2174 5018 sie
2244 4952 2313 5012 aif
2370 4945 2435 5005 Iu
2578 4928 2791 4988 Aben,
2809 4915 2900 4975 und
2956 4905 3070 4965 ene
3130 4896 3169 4956 Sie
3234 4891 3326 4951 mit
3382 4879 3469 4939 Frau
3530 4872 3613 4932 Oba
3704 4864 3799 4924 und
3852 4855 3913 4915 die
3982 4841 4199 4901 Cedeg
4264 4830 4364 4890 vone

1246 5072 1319 5132 nir
1367 5075 1484 5135 allen
1546 5072 1795 5132 Anzlichst
1877 5061 2146 5121 genüß¬

3178 5059 3389 5119 Ihr,
3407 5065 3593 5125 Sallen
