3473 6114
608 1639 2920 1769 Lieber, wollen Sie morgen früh
508 1847 2936 1997 eine Radparthie mit mir machen?
512 2043 2940 2193 Ich fahre über den Exelberg nach
528 2235 2684 2393 Greifenstein. Etwa ½10 Uhr. Bin
532 2379 2940 2569 aber auch bereit, wo anders hin
544 2579 2624 2773 zu fahren. Wenn Sie Lust
524 2727 2956 2949 haben, telefoniren Sie mich
560 2899 2776 3138 bei Empfang ds. in der Re¬
584 3120 2716 3334 daction an. Bin ich nicht
540 3264 2880 3554 da, dann sagen Sie dem
520 3524 2964 3786 Beamten, bitte, das Nothwendige,
1324 3920 1912 3982 herzlich Ihr
2328 4156 2852 4230 Salten
