2880 5179
1400 1105 2272 1295 Heiligenstadt, 1. X. 07
488 1483 2496 1692 Lieber, es geht leider am Freitag nicht. Die Première
392 1619 2455 1797 im Raimund-Theater ist vom Samstag auf den Freitag
389 1750 2478 1914 rückverlegt worden, und da muß ich eben hinein. Ich
389 1844 2486 2029 bin aber sehr wahrscheinlich noch in der nächsten Woche
381 1961 2410 2118 hier, denn ich höre – indirekt – dass ich in Berlin erst
381 2068 2452 2248 am 19. Okt. drankomme, und erhalte wol morgen od.
386 2149 2452 2327 übermorgen eine direkte Verständigung. Wenn Ihnen der
384 2254 2483 2457 Sonntag nicht passt, machen wir vielleicht Freitag beim
405 2384 1439 2562 Tennis einen andern Tag aus.
1635 2381 2408 2603 Herzlichst Ihr Salten
