4134 5958
438 1360 3560 1646 ist. Die Tennisplätze sind die schönsten, die ich kenne. Man spielt
430 1551 3738 1795 eine halbe Stunde nach dem Regen. Wir haben eine ganz gute Partie,
418 1695 3668 1964 ein taubstummes junges Mädchen, die sehr nett ist und sehr scharf
426 1869 3573 2096 spielt. Morgen früh kommt Siegfried Jacobsohn hier an, von den
422 1997 3647 2241 Kindern Onkel Japottsohn genannt. Er bleibt bis Mittwoch
426 2138 3713 2386 und geht dann nach Wien. Hier sind natürlich eine Menge Men¬
422 2266 3564 2531 schen, denen man nicht immer ausweichen kann. Wir waren denn
418 2419 3544 2684 auch die ersten Tage in einem Gebrodel von Berliner, Lemberger,
409 2564 3523 2808 Wiener, Münchener und Mannheimer Leuten, von Wagenfahrten,
405 2713 3693 2957 Automobilpartien, u. s. w. Aber wir haben schnell gebremst und leben
393 2853 3519 3143 jetzt ruhig. Wenn Otti nicht früh und Abend zum Brunnen
405 2981 3548 3234 müſste, würden wir noch weniger Verkehr haben. Die Kinder
409 3089 3659 3416 trinken Ambrosiusquelle (Eisen), was immer ein großer Spass ist. Dann
422 3267 3676 3519 fahren sie Eselwagen, und da sie jetzt nacheinander Geburtstag feiern,
397 3399 3606 3668 ist ihr Jubel groß. Annerl hat fabelhafte Erfolge, während
409 3535 3606 3808 die tieferen Naturen Pauli schätzen. Neulich haben die Kinder
393 3659 3581 3970 im Wald Theater gespielt und Rothkäppchen aufgeführt.
385 3800 3713 4098 Sie waren förmlich betrunken davon, dass da ein wirklicher Wald
397 3924 3722 4238 war, und man kann sagen, dass es auch sonst eine vortreffliche
393 4081 3597 4383 Aufführung gewesen ist. – Wir haben manchmal auch
401 4205 3618 4528 schon Schlenther gesehen. Er sieht aus, als ob er heimliche Balg¬
389 4445 1923 4677 geschwülste und Drüsen hätte.
405 4548 3560 4826 Hier arbeite ich nur Kleinigkeiten, die von der Redaktion verlangt
397 4701 3709 4962 werden, sonst nichts. Ich habe in Wien allerlei gemacht. Darunter
418 4846 3494 5103 die drei kleinen Stücke, die nun in Maschinschrift vorliegen.
422 4966 3713 5231 Wenn ich sie im Herbst noch erträglich finde, les’ ich sie vielleicht
