3459 5306
83 1389 3245 1690 zu sein, dass er aber freilich, gottseidank, ein so ahnsehnli¬
79 1563 3186 1777 ches Geld verdient hat, dass ich – hoffentlich – für alle Zu¬
83 1686 3237 1924 kunft der Sorge um ihn und um meine Familie ent¬
83 1817 3162 2071 hoben bin. Wie viel er besitzt, weiß ich nicht, weiß nur,
75 1952 3154 2194 dass er mit seiner Frau sechs Wochen in England war,
99 2079 3023 2329 ihr um 20.000 Kronen Schmuck gekauft hat, für
87 2214 3071 2452 meine Mama alles Erdenkliche tut, und meiner sel.
91 2337 3162 2595 Schwester wie meinem Papa ein kostbares Grabmonu¬
87 2444 3059 2714 ment hat errichten laßen, dass er bei alledem doch
83 2587 3214 2841 weit von einer Million entfernt, und bei alledem von
95 2718 3051 3003 seinem Glück geradezu melancholisch geworden ist,
91 2829 3059 3142 weil der Papa jahrelang darauf gewartet hat, und
198 3011 2277 3285 – genau zwei Wochen zu früh starb.
83 3118 3194 3396 Ich hatte im Mai eine heftige Nierenkolik. Zweimal an
71 3245 3241 3551 zwei aufeinanderfolgenden Tagen. Bekam zweimal Mor¬
87 3372 3095 3662 phium, beidemale mit einer unreinen Spritze oder
60 3491 3241 3797 mit einer mangelhaft gekochten Lösung. Musste dann
79 3622 3206 3936 fünf Tage lang rasende Schmerzen leiden, und am Ende
63 3773 3170 4067 froh sein, dass nicht Schlimmeres geschah. Dabei weiß
75 3892 3210 4194 ich trotz zweier Ärzte nicht, ob ich den Nierenstein habe,
83 4047 2523 4305 oder ob es nur eine akute Sache gewesen ist.
87 4154 3218 4471 Otti und die Kinder sind wol und frisch in Bansin, dessen
71 4305 3190 4610 sonstige Gesellschaft mir als der Ausbund alles Grausen¬
60 4448 3126 4761 haften geschildert wird. Ich gehe am 15. Juli zu ihnen.
67 4551 3257 4880 Dann wollen wir einmal, vielleicht sogar mit den Kindern,
83 4713 3071 5007 per Schiff nach Kopenhagen, wo wir uns sehen
