3837 5879
2350 962 2931 1208 Donnerstag.
488 1639 758 1839 Lieber,
715 1777 3404 2042 Ein Kapitel Ludassy. Es ist langweilig und lästig, aber ich muß
465 1969 3427 2185 ein Stückchen Vorgeschichte erwähnen. Wie ich mit ihm auseinander¬
477 2081 3435 2342 kam, wissen Sie ja. Es war der Hugo Ganz-Prozess gewesen. Die »Con¬
462 2212 3446 2450 cordia« ereiferte sich gegen Kanner, den ich verteidigte. In der Ver¬
450 2339 3446 2581 sammlung saß Ludaßy mit mir an einem Tisch. Ich sagte in
469 2450 3381 2696 meiner Rede, Ludaßy sei als Chef auch heftig gewesen, ohne dass die
473 2562 3404 2815 Concordia u. s. w. Als ich geendigt hatte, zischelte mir Ludaßy, der
454 2681 3423 2942 ganz blaß war, zu: »Das war geschmacklos und undankbar.«
485 2789 3435 3054 Ich: »Wofür bin ich Ihnen den Dank schuldig?« Er: »Ich weiß
477 2904 3339 3173 auch Sachen von Ihnen...« Worauf ich, der ich einerseits fand, es sei
481 3027 3365 3292 vielleicht zu viel von mir gewesen, wenn ich bei Gelegenheit Kanners
477 3131 3435 3415 auf Ludaßy’s verjährte Brotherren-Grobheit anspielte, andrerseits
462 3242 3481 3523 über die »Sachen«, die er wißen wollte, aufgebracht war, ihm sagte:
454 3354 3423 3685 (auch aus versammlungstechnischen Gründen): »Ich werde jetzt aussprechen,
481 3473 3285 3808 dass diese Reminiszenz meine Spitze gegen Sie enthielt, und
485 3600 3446 3931 dann werden Sie sofort erklären, was Sie von mir wißen.«
496 3739 3358 4050 Er antwortete: »Abgemacht.« Ich tat nun meinerseits, wie
500 3877 3400 4192 versprochen. Wie ich ihn aber aufforderte, ja bevor ich ihn
492 3981 3481 4315 noch auffordern konnte, nunmehr sein Wort einzulösen, reichte
500 4123 3362 4419 er mir die Hand, mit den Worten: »Sein wir wieder gut..«
512 4239 3362 4558 Ich schlug seine Hand aus, und begehrte, die »Sachen« zu
500 4365 3369 4654 wißen. Er blieb dabei: »Laßen wir’s gut sein. Da
481 4473 3446 4781 sagte ich ihm, in Erinnerung an manche ähnliche Büberei:
508 4623 3358 4931 »Das ist echt Ihre Art. Wenn Sie jetzt nicht sofort mit
