3861 5915
667 1397 1330 1562 Villa Bauer
2731 1304 3046 1446 Grado
2604 1405 3162 1555 Küstenland
2626 1517 3061 1671 29. VI. 09
577 2259 843 2431 Lieber,
895 2338 3424 2555 wir sind heute aus Venedig zurückgekommen, und ich finde Ihren
498 2473 3450 2664 Brief vom 22. Das letzte, was mir Kainz sagte, war etwa zwei Tage vor meiner Ab¬
502 2581 3499 2772 reise, und da meinte er, er wolle es seiner Frau überlaſsen, im Dezember darüber
498 2675 3499 2866 zu verfügen. Deshalb glaube ich, die Zeitungsnotiz dürfte nicht ganz stimmen.
502 2753 3484 2956 Auch scheint es mir nicht wahrscheinlich, dass Kainz, müde wie er jetzt ist, sich
495 2858 3480 3042 vor den Ferien mit der »Auflösung des Hausstandes« befaſsen wird. Es müſste
498 2933 3342 3136 denn inzwischen seine Frau irgend etwas veranlaſst haben. Aber auch
509 3008 3495 3229 das halte ich nicht für wahrscheinlich. Sollte es dennoch der Fall sein, dann bezieht
513 3094 3480 3297 es sich wol nur auf den Termin, wann die Wohnung geräumt wird. Wenn
498 3181 3473 3390 Sie wollen, frage ich direkt bei Frau Kainz an. Sicherlich wird sie mir dann
509 3252 3465 3503 gegen den 7. od. 8. Juli Bescheid geben, sobald sie mit ihm zusammentrifft.
498 3338 3469 3566 Oder Sie schreiben ihm ein paar Zeilen. Ich bleibe jetzt voraussichtlich bis
506 3420 3387 3626 15. Juli ununterbrochen hier. In Venedig war es sehr schön, und den
498 3484 3488 3731 Lido fanden wir in allen Verhältnissen, Strand, Bad, Capanne, ec. um
509 3593 3477 3821 so viel komfortabler, dass wir nächstes Jahr wol hingehen werden, falls
498 3675 3510 3911 wir wieder ans Meer wollen. Den Kindern ist hier bis jetzt und unberufen
495 3746 3454 3971 sehr wol. Sie haben nichts von den kleinen Übeln bekommen, die für
491 3825 3495 4076 gefährlich profezeiht werden. Ich hatte den Sonnenbrand und Fieber, aber
517 3911 3417 4158 das Fieber war von der Erkältung, die ich mit her brachte. Und jetzt
521 3994 3458 4248 ist auch das längst vorbei. Ich häute mich nur an Nase, Armen
509 4083 3360 4364 und Beinen wie ein Molch. Alles Gute für Sie, Frau Olga u. Heini!
1622 4200 3124 4413 Viele herzliche Grüße von uns zu Ihnen
2679 4319 3226 4499 Ihr Salten
