3814 5854
2347 1154 2831 1220 Pressbaum, 5./VIII. 00
459 1730 2803 1824 Lieber Freund, wahrscheinlich komme
431 1970 3122 2128 ich noch vor dem 10. nach Ischl. Un¬
1311 2178 3278 2332 gefähr Dienstag Abend oder Mittwoch
1331 2414 3222 2568 früh. Aber ich werde eher den Schluß
1319 2646 3146 2840 der Parthie mitmachen als den An¬
429 2870 3026 3144 fang. Ich kann am 12. noch
406 3085 3230 3450 nicht von Ischl fort, weil Otti
365 3353 2827 3731 die Vorarlberger Sache nicht
347 3593 3274 3960 mitmacht, sondern mich allein
1047 3846 2977 4171 fahren läßt. So will ich
647 4109 3238 4487 doch bis 16. od. 17. bei ihr bleiben
519 4441 3018 4767 und dann direkt nach
