3269 5875
1633 812 2483 1084 Donnerstag
357 1428 2886 1714 Lieber, ich hab’ es der Niese leider schon ver¬
338 1617 2792 1860 sprechen müssen, dass ich Samstag zu der
341 1772 2795 2029 Première gehe. Vielleicht sehen wir uns also
334 1867 2922 2162 an einem anderen Abend, Montag oder Dienstag,
338 2048 2834 2285 was ich Ihnen aber erst Samstag, wenn das
321 2181 2935 2470 Repertoire da ist, sagen kann. Otti ist schon
338 2328 2918 2607 zurück, wird aber die nächsten Wochen nicht
351 2470 2896 2727 für länger vom Haus fortkönnen, weil das
357 2610 2681 2853 Mäderl geimpft wurde, und sie braucht.
419 2756 2740 2983 Was Sie mit dem »sich in Schulden gestürzt
347 2853 2850 3123 haben« meinen, verstehe ich nicht. In Wien
338 3038 2006 3246 sind Sie doch eher Gläubiger.
1542 3198 2763 3467 Herzlich Ihr Salten
