4042 5866
2445 1080 3208 1287 Berlin, 17. V. 06.
497 1866 3513 2148 Lieber, da Sie rasche Auskunft wünschen (warum?) in aller Kürze: ich
454 2066 3564 2304 höre von meinem Anwalt, dass Herr Dr v. Ludaßy sich jetzt hinter die subjec¬
450 2203 3439 2461 tive Verjährung verkriechen will; d. h. er macht geltend: der bewußte
458 2344 3490 2617 Angriff sei wol innerhalb der gesetzlichen Frist nach seinem Erscheinen
454 2512 3596 2766 geklagt worden, sei aber sechs Monate vor seinem Erscheinen geschrieben
458 2653 3529 2887 worden. Er verlangt, dass man die Zeit so misst, dass man von dem
473 2762 3451 3052 Tag an rechnet, an welchem die Tat begangen wurde! Da käme
458 2895 3556 3181 ihm dann der Schutz der Verjährung zu gute, und er hätte mich
446 3036 3502 3330 straflos der Bestechlichkeit beschuldigt, weil ich ihn erst verklagte,
473 3189 3553 3427 als ich seinen Artkel gedruckt las, und nicht schon, als er ihn
454 3294 3502 3560 aufgeschrieben hatte. »Es wär’ not« – man müßt’ alle 14 Tag zu
458 3459 3455 3713 Ludaßy Fragen schicken: »Haben Sie nicht eine Gemeinheit
473 3549 3596 3846 gegen mich begangen?« Ob er mit dieser Bemühung durch¬
477 3776 1616 3987 dringt, weiß ich nicht.
481 3842 3537 4112 Hier hat Herr Dr v. Ludaßy an Ullsteins telegrafirt: »Habe
497 4002 3584 4261 Ihnen Verlagsproject vorzuschlagen. Bitte mir unter Vermei¬
501 4155 3537 4429 dung Saltens mitzuteilen, wann ich Sie sprechen kann.
524 4276 3568 4531 Wohne Palasthotel. L.« Ullsteins haben mir die Depesche
524 4515 1268 4695 sofort gezeigt.
532 4562 3545 4848 Zu diesen Dingen kann ich mich wol jeder Bemerkung
532 4789 1033 4965 enthalten.
509 4875 3584 5121 Nun aber genug. Ich will auch nichts von anderen Dingen
