3946 4033
350 1472 394 1532 3r.
399 1472 416 1532 1
450 1137 475 1197 02

557 2893 652 2953 wirs

595 2634 620 2694 nihe
626 2634 657 2694 rungs
661 2634 680 2694 wog,
683 2634 698 2694 um
704 2634 717 2694 mif
722 1890 739 1950 f,
742 1087 760 1147 vuog
767 1087 787 1147 ir

734 2925 763 2985 nonüin
771 2925 782 2985 zenr
787 2925 795 2985 him
802 2925 814 2985 nug
819 2925 828 2985 mit
832 935 840 995 ong
847 935 856 995 unf
861 935 866 995 seg
871 935 879 995 wn
887 935 895 995 zas

835 2919 854 2979 geziege
860 2919 884 2979 munenn
890 2919 897 2979 von
902 2919 910 2979 vin
915 2919 928 2979 mars
932 955 939 1015 in
946 955 952 1015 vor
957 955 977 1015 Ennugn
980 955 987 1015 wol

919 2934 927 2994 von
931 2934 949 2994 sernut
954 2934 960 2994 is
965 2934 972 2994 ago
981 2934 986 2994 ste
990 2934 1003 2994 sanhi
1009 1073 1013 2954 irr
1022 998 1030 1058 sin
1035 998 1050 1058 moan
1055 998 1056 1058 fi
1064 998 1072 1058 zun

1004 2928 1005 2988 si
1015 2928 1030 2988 enenir
1033 2928 1042 2988 einn
1051 2928 1057 2988 run
1069 2928 1096 2988 paentang
1101 1053 1128 1113 in"sigeg
1136 1053 1159 1113 enehmen

1081 2922 1094 2982 elnf
1100 2922 1118 2982 ststirg
1126 2922 1151 2982 anens
1156 2922 1176 2982 velingee
1182 1095 1192 2944 nab
1198 1021 1205 1081 zun
1211 1021 1212 1081 mi
1228 1021 1229 1081 vo
1241 1021 1253 1081 zai

1196 2934 1228 2994 nune
1247 2934 1254 2994 et
1271 2288 1287 2348 ein
1300 2288 1318 2348 wit

1212 1938 1272 1998 dist

1235 1615 1382 1675 d.S.
