3290 5881
388 2003 2884 2129 weder Zeit noch Ruhe, Ihnen diese
368 2207 2764 2349 neue Teplitzer Affaire brieflich zu
336 2399 2836 2573 erklären. Entschuldigen Sie, bitte,
360 2619 2960 2793 dass ich Sie so plötzlich und so dringend
372 2839 2700 3041 in Anspruch nahm. Ich brauche
344 3083 2876 3249 Ihnen wol nicht erst zu sagen, dass
344 3299 2624 3473 die Tausend Gulden ganz sicher
348 3483 2912 3713 sind, und dass Sie sie in der kürzesten
340 3759 2892 3965 Zeit (1 Monat längstens) wieder erhalten.
348 3999 2820 4193 Dienstag früh bin ich wieder in Wien.
356 4219 2727 4433 Wenn ich zu Hause eine Zeile
336 4483 2752 4705 von Ihnen fände, wo ich Sie Abends
