3744 4764
2297 941 2808 1258 Dienstag.
447 1444 3384 1670 Lieber, ich sende Ihnen gleichzeitig die versproche¬
379 1593 3271 1873 nen Zeitungen, und bitte Sie, mir gelegentlich
402 1737 3187 2046 zu sagen, was Sie drüber denken, und wie Sie
420 1862 3378 2187 glauben, dass mans besser machen könnte. Haben
417 2017 3140 2348 Sie sich über die Pneumatik sehr geärgert?
420 2139 3396 2473 Ich habe mit der Zeitung sehr viel zu thun, arbeite
408 2292 3319 2607 aber gleichwol ziemlich viel. Ich denke ernsthaft
405 2426 3286 2775 daran, die Novellen herauszugeben: Der Hinter¬
429 2593 3119 2906 bliebene, Flucht, Begräbnis, Heldentod, Fernen,
447 2751 3277 3037 Sedan, Lebenszeit. Bitte, sagen Sie mir, was
453 2877 3408 3222 Sie davon halten, ob nämlich all diese Dinge
480 3032 3265 3404 nicht doch zu werthlos sind. (Nicht Affectation)
474 3187 3295 3548 Aber ich glaube, wenn ich sie überhaupt als
510 3345 3170 3727 Buch erscheinen laße, dann will ichs jetzt
536 3538 3362 3878 thun, denn später, wenn anderes fertig ist,
