2763 4675
223 844 2582 999 würde ich über Verona nach Venedig)
253 1077 2471 1243 Jedenfalls bitte ich Sie, mir gleich
262 1283 2471 1482 Nachricht darüber zu geben und
241 1483 2677 1712 mir besonders Ort der Zusammen¬
262 1665 2677 1927 kunft und Ziel der Radtour an¬
284 1865 2653 2167 zugeben, möglichst genau, weil
232 2083 2716 2408 ich mir danach meine Eisenbahn¬
262 2337 2501 2679 karte bestellen muß. Ich habe die
256 2546 2591 2909 Karte bis Bludenz bei mir, aber
220 2788 2600 3154 ich muß jedenfalls noch andere
247 2988 2453 3369 Karten aus Wien verschreiben, ich
247 3200 2540 3587 denke: Innsbruck - Ala, Triest
355 3432 2674 3772 - Wien, oder auch anders. Das hängt
304 3689 2674 4026 dann eben ganz von der Tour ab.
