4915 7047
703 1278 1515 1346 B. Z. am Mittag
847 1722 1392 1784 Chefredaktion
2837 1251 3921 1530 BERLIN SW, 8. IV. 06
2828 1479 3344 1633 Kochstr. 23–25
1130 2274 4414 2600 Lieber, erlauben Sie, dass ich Ihnen Herrn Dr Herbert Ginsberg vorstelle,
795 2530 4530 2823 den ich gerne bei Ihnen einführen möchte. Er kommt – studienhalber – für ein paar
795 2670 4456 3028 Monate nach Wien. Wenn Sie ihn freundlich aufnehmen wollen, werden Sie mich
805 2870 4470 3191 sehr verbinden und – gewiss – die lebhafte Sympathie, die ich für ihn habe, sehr
795 3079 4470 3386 bald teilen. Eine nähere Personalbeschreibung kann ich mir wol sparen. Aber
795 3181 4521 3544 unter manchen anderen Anknüpfungspunkten ist vielleicht der zu erwähnen,
819 3381 4419 3730 dass Herr Dr Ginsberg viel gereist ist, (ich lernte ihn bei meinem Ausflug nach
809 3521 4442 3902 Kairo kennen) und Ihnen gewiss über einige Gegenden, die Sie interessiren,
823 3749 3512 4079 z. B. Griechenland, interessante Aufschlüße zu geben weiß.
2116 3893 4433 4219 Herzlichste Grüße von Otti und mir an Sie Beide.
3768 4056 4442 4321 Ihr Salten
