3264 5950
1759 1138 2419 1224 Wien, 9. X. 99.
535 1838 2903 1984 Lieber Freund, von Hirschfeld erfahre ich, dass
367 2002 2735 2228 Sie jetzt in Berlin sind, und da fällt es mir
355 2162 2915 2428 ein, ob Sie nicht jetzt Gelegenheit hätten, mit
359 2334 2895 2584 Fischer ein Wort über meine Novellen zu sprechen,
347 2514 2771 2728 d.h. wenn es Ihnen sonst passt, und wenn
343 2690 2731 2908 es im Übrigen Ihre Meinung ist, dass die
355 2846 2751 3083 Novellen gut sind. Um was ich Sie bitten
367 3005 2667 3255 würde, wäre eben nicht die »Empfehlung«,
355 3197 2727 3447 sondern, wenn die übrigen Umstände es er¬
347 3365 2807 3615 lauben, eine intensivere Intervention. Ich
351 3553 2911 3815 möchte sehr gerne bei Fischer verlegt werden,
367 3717 2791 3987 möchte aber von Fischer keinen Korb be¬
359 3893 2755 4151 kommen. Vielleicht macht es etwas bei
355 4069 2771 4315 ihm aus, wenn Sie ihm sagen, dass in
347 4221 2783 4507 den nächsten Monaten ein Stück von mir
371 4433 2495 4675 am Volkstheater kommt. Bitte,
367 4605 2595 4855 schreiben Sie mir ein Wort, ob Sie
395 4761 2791 5011 das thun können, nur bitte, sagen Sie
