4326 7342
2460 1285 3901 1453 Wien 15. Octob. 02
843 2266 3702 2552 Lieber Freund, ich habe sehr bedauert, dass
643 2446 3958 2804 mich die Satzcorrectur zum »Fünfkreuzertanz« Samstag
631 2634 3738 3008 bis 2 Uhr in der Redaction aufhielt, so dass ich
651 2782 3862 3192 Sie nicht mehr sehen konnte. Ich bitte Sie nun
639 2970 3890 3376 um einige Kleinigkeiten, die Sie gelegentlich, ohne
655 3142 3890 3552 Mühe ausrichten, und für die ich Ihnen sehr
667 3330 3802 3747 dankbar wäre. Erstens Herrn Dr Löwenfeld
675 3506 3898 3939 bestens von mir zu grüßen, und ihm zu sagen,
679 3705 3958 4127 dass ich seinen Aufsatz über volksthümliche Claßiker¬
683 3873 3822 4303 vorstellungen schon sehnlichst erwarte. Dann
675 4049 3906 4451 erkundigen Sie sich, bitte, nach dem Schauspieler
695 4217 3870 4635 Paul Paschen (Schillertheater) was das für ein
691 4417 3770 4819 Mensch ist. Ich habe durch Geh. Rt. Forster
711 4613 3647 5011 einen Artikel von ihm bekommen über
731 4813 3914 5247 die Schweinerei des Coulissentones. Zuletzt noch
823 5029 3942 5419 - wenn bei Fischer eine endgültige Entscheidung
727 5265 3886 5623 getroffen ist, depeschiren Sie mir, bitte. Ich
775 5473 3659 5855 bin sehr neugierig, wie Sie sich leicht
795 5665 3722 6071 denken können. Ich muß nun den
