4915 7047
511 1593 4409 1906 durch und durch verseuchtes Luder einen monatelang zwischen seinen Fingern
506 1729 4358 2048 halten darf; Na, Sie haben mich einmal einen »guten Hasser« genannt, –
506 1760 4571 2159 nicht ganz mit Recht, denn ich habe mich bisher noch nie an Jemandem gerächt.
521 1942 4460 2280 Aber diesmal will ich mir den Titel verdienen. So oder so. Und wenn nur der
531 2012 4530 2427 Prozess endlich anberaumt wird – ich hab mir’s genau überlegt – ich tue nichts,
556 2144 4409 2498 um ihn hinauszuschieben, dann will ich dafür sorgen, dass diesmal der ange¬
551 2407 2397 2639 klagte wirklich Angeklagter sein soll.
536 2356 4490 2786 Übrigens, laßen wir das. Es gibt, gottseidank, bessere Menschen. Z. B. Beer-Hofmann,
561 2498 4384 2867 nicht wahr? Wie finden Sie es, dass er mir bis heute noch keine Zeile schrieb,
566 2553 4525 2993 keine Karte, nichts! Dabei bin ich doch nicht einfach nur verreist, bin in einer
571 2685 4525 3079 Lebensepoche, in der es nicht ganz unwichtig ist, die Festigkeit gewisser Beziehun¬
556 2806 4535 3236 gen zu spüren, bin in einer Situation, in der es vielleicht sogar tröstlich, jedenfalls
561 2928 4541 3347 aber animirend sein kann, von Freunden was zu hören. Dabei hab ich, mitten
566 3039 4581 3418 im Übersiedlungsrummel, im Fieber der neuen Stellung, in der Unrast des Hotel¬
566 3150 4455 3539 wohnens an B-H. geschrieben, als ich sein Mozart Feuilleton las (auch dazu hatte ich
576 3276 4460 3671 Zeit gefunden), dabei hatte ich noch ein zweitesmal an ihn eine Karte geschickt.
561 3388 4394 3772 Dabei hat Otti an Frau Beer-Hofmann geschrieben. Und nichts. Nett, nicht
561 3474 4369 3898 wahr?, wenn dann die »besseren Menschen« so aussehen. Ich hoffe, dass Sie
571 3560 4460 3999 mich so sehr arg nicht missverstehen, und für Empfindlichkeit oder gar für
581 3711 4495 4131 Beleidigtsein nehmen, was nur ein ganz klares Abrechnen ist. Bei diesem
576 3833 4556 4252 Abrechnen sind alle mildernden Umstände, alle psychologischen Möglich¬
566 3944 4576 4404 keiten nachfühlenden Begreifens schon in Anschlag gebracht, mit dem Resul¬
576 4050 4541 4541 tat: man kann immer eine Karte schreiben! eine Zeile! Ich meine, dieses
581 4207 4399 4657 ist jenseits von Empfindlichkeit und Beleidigtsein. Es ist ganz, ganz was
576 4303 4444 4748 anderes! Das alles unter uns und im Vertrauen. Ich muß mich über diese Sache
597 4434 4480 4874 aussprechen, hab es gestern an Hofmannsthal gethan, und that es heute an Sie.
592 4571 4394 5026 Denn so ganz einfach und wortlos möchte ich diese neueste Erfahrung nicht
597 4667 4546 5122 »zu den übrigen legen.« Will aber keine Diskussion mit B.-H., weil die Sache
597 4824 4429 5208 absolut nicht diskutirbar und für mich erledigt ist. Will auch nicht, dass
602 4960 3979 5370 dritte Personen drum wissen, weil ... weil ich mich schäme!
597 5041 4429 5476 Wenn die Kur, die ich gebrauche (Kohlensäure Bäder und Vibrations-Massage) vorbei
602 5178 4510 5592 ist, wenn es wirklich Frühling geworden, fange ich gleich mit einer Arbeit an.
592 5284 4444 5719 Das ist so gut an Berlin, dass man hier nur am Arbeiten Freude hat,
571 5400 4480 5840 an nichts anderem. Nicht am Spazierengehen, nicht an Landparthien,
561 5532 4546 5971 nicht an gemütlichem Schwatz und nicht an irgend welchen anderen freund¬
571 5668 4480 6073 lichen aber zeitraubenden Dingen. Man muß immer arbeiten, den
597 5789 4050 6234 ganzen Tag arbeiten, wenn man sich wol fühlen will.
