3277 5097
1939 1150 2410 1207 Mittwoch.
436 1408 2867 1530 Lieber, vor allem: Ihr Brief vom Semmering gab mir
400 1527 2928 1661 ein Recht zu der Annahme, Sie seien verletzt, und seien
416 1647 2940 1785 in manchen Dingen, die bisher zwischen uns fest stan¬
412 1751 2948 1905 den erschüttert worden. Das legte mir, in meiner Erre¬
416 1855 2884 2029 gung (die Sie begreifen müßen) den Gedanken nahe, ob
406 1918 2975 2112 es rathsam sei, sich nach diesem brieflichen Unwetter
428 2107 2940 2265 sogleich wieder auf kritischen Boden zu treffen. Nur
420 2211 2832 2397 weil die Vorlesung so unmittelbar bevorsteht, kam
424 2311 2880 2513 ich darauf, sie in den Kreis der Discussion zu ziehen,
412 2435 2908 2637 und was also ein zufälliges Zusammentreffen war,
428 2559 2628 2745 nehmen Sie als ein Misstrauen pro futuro.
420 2659 2816 2861 Ich habe lediglich in einem Gefühl - wie soll ich
416 2763 2932 2985 sagen? - des Respektes vor der unberührten Stim̄ung,
428 2887 2928 3109 die sonst bei unseren Vorlesungen obwaltet, lediglich
424 2995 2876 3229 aus dem Wunsch und aus der Besorgnis, die absolute
420 3111 2908 3349 Klarheit dieser für uns alle so notwendigen Athmo¬
416 3223 2880 3457 sphäre ungetrübt zu erhalten, darauf hinge¬
412 3335 2848 3573 wiesen, dass diese Vorlesung Sie vielleicht noch nicht
420 3451 2828 3697 ganz in ruhiger Unbefangenheit mir gegenüber
424 3695 920 3801 finden wird.
424 3691 2868 3901 Mein Brief war in seiner sachlichen und gründlichen
416 3799 2832 4009 Ausführlichkeit allein schon ein Freundschaftsbeweis.
420 3883 2888 4109 Alles, was ich darin sage, kann garnicht anders ge¬
416 3999 2852 4217 dacht werden, als dass ich mir die äußerste und
412 4119 2880 4309 ernsteste Mühe gab, einen Freund über meine
