3715 6015
1807 1134 2891 1208 Hietzing, 28. April 99
319 2118 3151 2200 Lieber Freund, leider war ich in den letzten Tagen wieder
247 2290 3147 2360 durch vielerlei ernste Angelegenheiten so gehetzt, dass ich
247 2442 3319 2516 nicht zu Ihnen konnte. Auch meine Berliner Reise, die ich
235 2610 3199 2676 ja gerne gemacht hätte, musste unterbleiben, weil die
243 2766 3151 2836 Geschichte mit Otti noch immer zu keinem Abschluß
231 2922 3271 2988 gekommen ist. Sie leidet entsetzlich unter der großen wie
231 3054 3267 3144 unter den vielen kleinen Gemeinheiten, welche ihr an¬
243 3230 3275 3304 gethan werden. Hirschfeld ist, wie Sie wissen werden, in
243 3394 3195 3460 Hietzing und wohnt gleich neben mir. Sonst sehe ich
235 3566 3143 3640 Niemanden. Bitte, vielleicht schreiben Sie mir, wie
243 3730 3263 3796 es Ihnen geht, und wie Ihre Prémiere ausgefallen
235 3898 3099 3972 ist, wann Sie wiederkommen, und wann wir
239 4066 871 4132 uns sehen.
1111 4238 2711 4316 Sehr herzlich Ihr treuer
2311 4474 2939 4584 Felix Salten
