3867 6411
590 1003 1803 1239 Südbahn-Hôtel
726 1184 1689 1431 Semmering
970 1339 1479 1508 Austria.
974 1475 1457 1597 Telegramme:
712 1560 1729 1704 Südbahnhôtel Semmering.
1021 1711 1438 1847 Telephon:
900 1803 1567 1914 Hôtel . . . . Nr. 5.
878 1903 1575 2010 Dependance Nr. 6.
2356 1128 2814 1346 26. / 1. 08
763 2260 1003 2456 Lieber,
1010 2327 3330 2581 danke sehr für Ihren ausführlichen Brief, der mich sehr gefreut
531 2533 3238 2744 hat. Den letzten Satz, da wo Sie sagen, dass Sie sich wieder »keck mitten
524 2673 3289 2876 ins Leben« u. s. w. habe ich, wie ich Ihnen gestehen muss, mit einer plötzlich
524 2814 3356 3050 austeigenden, sehr starken Ergriffenheit gelesen. Denn aus ihm sah
527 2965 3352 3193 ich erst ganz deutlich, wo Sie in dieser letzten Zeit mit Ihren Ge¬
527 3109 3256 3311 danken und Sorgen gewesen sind, und was Sie durchgemacht
516 3249 3227 3455 haben. Nun aber dürfen Sie sich wol freuen und Ihre Freunde mit
505 3392 3274 3595 Ihnen. Wundervoll ist es ja, wie diese Gefahr an Ihnen u. Ihrer
498 3518 3348 3772 Frau vorbeigeschwebt ist, und wie dann mit dem Grillparzer Preis
479 3680 3300 3905 etwas zu Ihnen kam, was schließlich doch im Tiefsten so etwas
483 3839 3234 4056 wie einen Schimmer von Glück bedeutet. Wir gehen dem Frühling
472 3975 3370 4226 entgegen, und Ihre Frau wird sich hoffentlich rasch erholen. Man
476 4123 3400 4373 sagt ja, dass nach dan Scharlach die Gesundheit intensiver wird, und
476 4281 3411 4539 so wird Frau Olga jetzt in in ein schönes Genesen und Glühen kommen,
479 4447 3429 4672 und mit der Jahreszeit gehen. Besseres läſst sich kaum denken. Ihren
461 4602 3389 4831 Roman las ich nun doch in den ersten zwei Fortsetzungen. Sie werden
457 4764 3422 4952 meine Neugierde begreifen u. entschuldigen. Sagen kann ich jetzt na¬
468 4890 3271 5092 türlich noch nichts, ahne auch nur von weitem, wohin der Weg
468 5037 3297 5240 ins Freie führt. Aber eine Menge Menschen wird mir jetzt schon
457 5151 3241 5362 sehr lebendig und das Abreißen der Fortsetzung mir freilich
446 5310 3319 5542 je mehr zur Qual, je näher einem diese Menschen kommen.
