4048 5573
2433 1051 3072 1216 Berlin, 24. III. 06.
680 1567 3447 1821 Lieber, in Eile und Arbeit nur ganz kurz: gegen das »Kleine Theater« bin ich unbe¬
670 1728 3412 1986 dingt. Es ist mit seinem jetzigen Bestand an Schauspielern, und der retorischen
674 1838 3371 2093 Unfähigkeit des Herrn Dr Oberländer garnicht imstande ein so stilisirtes
680 1938 3374 2203 und in seinen Reizen vom Dutzend-Regisseur so schwer auffindbares Stück
667 2062 3330 2330 zu reproduziren. Ich hielte es für aussichtslos. Auch wäre, bei der jetzigen
660 2165 3392 2443 Conjunctur von so einem Experiment nur abzurathen. Besser, Sie warten auf
691 2271 3440 2539 Reinhardts»intimes Theater«, das im nächsten Jahr bestehen und von Bahr geleitet
667 2498 1416 2667 wird. Folgen Sie mir!
680 2453 3450 2759 Ich schreibe bald und mehr. Dass wir einander wieder herzlich nah sind, empfinde ich auch,
677 2581 3423 2859 und es hat mir meinen Abgang von Wien erschwert. Dass etwas Unverlierbares, an
674 2677 3412 2959 das jederzeit ohneweiters angeknüpft werden kann, uns verbindet, hab ich immer
667 2818 2488 3093 geglaubt. Viele Grüße von Otti u. mir an Sie Beide.
2629 2859 3103 3027 Ihr Salten
