2846 5257
1434 973 2408 1136 Bansin, 23. VIII. 06.
387 1277 2506 1461 Lieber, schönen Dank für Ihre Karten aus Wei¬
371 1410 2485 1584 mar. Wir bleiben noch ca 10–12 Tage hier, gehen
371 1530 2442 1704 dann nach Lübeck u. Hamburg, dann nach
371 1653 2421 1853 Weimar und Eisenach. Zuletzt begleitet mich
376 1733 2456 1978 Otti nach Dresden. Ich bin gegen den 10. Septb.
379 1866 2437 2090 in Wien, und fahre – wahrscheinlich – zu den
376 1965 2458 2229 Flottenmanövern in der Adria. Von da noch
379 2072 2496 2325 ein paar Tage Venedig, dann definitiv Wien.
373 2194 2376 2442 Wenn das Wetter schön bleibt, könnten Sie
363 2301 2461 2592 wegen eines Tennisplatzes (Vormittag) etwas
376 2410 2368 2696 veranlaßen. Mein Schwager Richard, der
355 2530 2458 2794 in Reichenau mit uns spielte, spielt jetzt noch
331 2648 2397 2904 schärfer und wird ein guter Partner sein. Otti
344 2752 2397 3016 übersiedelt, Sack und Pack, am 14. September.
339 2858 2450 3133 Wir sind unsere Wohnung in der Kantstraße
347 2970 2410 3266 los; müßen sie am 14. schon räumen. Eine
347 3109 2394 3375 Chance! Denn ich hätte sonst die ganze Miete
352 3242 2440 3525 für die restliche Vertragszeit, also 5000.– M. vor
323 3375 2464 3629 meiner Abreise deponiren müßen, u. hätte dann
328 3509 2392 3754 wer weiß wie viel verloren. Auf bald. Herzliche
357 3677 2288 3895 Grüße von uns zu Ihnen. Ihr Salten
