3325 6244
132 1447 2614 1541 Ich lese jetzt die »Gespräche des
99 1598 2611 1761 göttlichen Aretino,« und finde
70 1759 2640 1930 darin zu meinem Erstaunen
73 1876 2673 2073 die römische Buhlerin, die Be¬
62 2041 2816 2219 kenntnisse ablegt. Sie wissen,
73 2206 2816 2392 dass ich ein solches Buch schreiben
88 2368 2710 2575 wollte. Arbeiten kann ich
59 2529 2442 2744 nur wenig, da mir die
88 2672 2636 2898 Zeit fast alles weg nimmt.
81 2830 2710 3077 Nun soll Aram fort, und ich
92 2987 2721 3231 für 8400fl. jährlich auch das
103 3167 2794 3415 Feuilleton übernehmen, außer¬
66 3328 2805 3576 dem heißt es, - mit mir wurde
44 3479 2757 3734 noch nicht davon gesprochen -
70 3644 2728 3924 dass ich Chef-Stellvertreter werden
48 3801 2688 4086 soll. Ich wünschte mir, dass der
70 3948 2625 4243 Tag dann 36 Stunden haben
59 4098 2691 4379 möge, eine Erhöhung, mit der
143 4260 2816 4540 ich noch mehr einverstanden
59 4406 2530 4705 wäre. Für London habe ich
33 4564 2453 4881 mir jetzt eine Engländerin
62 4714 2776 5024 angeschafft, die 3mal die Woche
55 4909 2721 5215 kommt. Ich beginne den »Hund
