4179 5818
528 1170 3662 1444 Dingen ist bei Reicher nichts zu spüren. Er ist ganz und gar bür¬
520 1341 3706 1595 gerlich. Hat leider den Moment versäumt, Kinder zu zeugen, mit
532 1448 3674 1694 denen er jetzt Schabbes machen oder den Seder-Abend halten
528 1559 3610 1801 könnte. Mir wäre, wie ich gewiss nicht erst zu sagen brauche,
532 1643 3654 1936 auch der jüdische Julian recht, wenn es nur eben ein Julian
536 1758 3614 2035 wäre: etwa Adalbert Goldschmidt, der ja den jüdischen und zugleich einen
544 1873 3642 2131 Daudet’schen Einschlag hat. Allein Reicher ist trocken, und erscheint höch¬
540 2043 2031 2250 stens als verkrachter Familienvater. – – –
548 2218 861 2428 Montag.
548 2242 3654 2535 Gestern wurde ich durch Besuche (die Leute machen hier unaufhörlich
548 2404 3634 2666 Besuche) unterbrochen. Abends taf ich zufällig Rittner. Er ist nicht
551 2496 3535 2785 abgeneigt, den Julian in Wien zu spielen. Oder genauer: »im
555 2615 3642 2880 Prinzip nicht dagegen«. Als ich ihm sagte, Sie hätten keineswegs
603 2726 3630 2999 darauf bestanden, dass er den Forstadjunkten gibt, und hätten
567 2841 3634 3083 ihm sein Versagen auch nicht übelgenommen, war er erfreut.
571 2928 3666 3202 Er meint nur, es wird für Brahm schwer sein, Reicher die Rolle
544 3055 3674 3329 abzunehmen, und die für Rittner nötigen Proben abzuhalten.
575 3182 3487 3432 Außerdem wird Brahm es nicht gerne sehen, wenn Rittner
595 3269 3670 3567 über seine Garantie kommt. Die betragt für Wien 12 Abende,
587 3380 3602 3666 welche mit »Elga« gedeckt scheinen. Ist er im »Einsamen
583 3479 3670 3817 Weg« tätig, muß dann Brahm das Plus zahlen, was er –
595 3599 3571 3876 wie Sie wissen – überhaupt, und im Fall Rittner erst recht
583 3813 1424 4023 lieber vermeidet.
599 3837 3690 4098 Was soll ich, nach Ihrer Meinung, tun? Dass ich mit Vergnügen
583 3987 3654 4233 zu allem bereit bin, brauche ich nicht erst zu sagen. Erwägen
591 4122 3535 4356 Sie, was ich Ihnen wegen mir u. Brahm sagte, und denken
591 4217 3583 4479 Sie nach, wie man es machen könnte, dass ich bei Brahm
579 4317 3606 4578 nicht eine Unannehmlichkeit erfahre. Soll ich villeicht Elias
611 4428 3599 4713 zu ihm schicken? Das will ich auf alle Fälle gleich tun.
611 4559 3674 4836 Eben kommt wieder Besuch. (Die Leute machen hier unaufhörlich
607 4713 3531 4975 Besuche) Ich will aber, dass der Brief heute abgeht. Also
655 4836 3091 5098 viele herzlichste Grüße von uns an Sie Beide.
3099 4840 3630 5122 Ihr Salten
504 5047 2432 5217 NB. Jacobsohn tobt ja auch gegen Reicher!
