3941 4002
1943 2028 2139 2088 Herrn
2216 2020 2318 2080 dr.
2327 2023 2549 2083 Arthur
2626 2035 2941 2095 Schnitzte

2647 2671 2828 2731 Wien

2236 2937 2482 2997 wint.
2506 2949 3140 3009 HerirwarteSrße
3218 2954 3224 3014 7

1614 1108 1626 1168 es
1633 1108 1662 1168 sireclin
1668 1108 1675 1168 uns
1681 3015 1682 3075 fr
1692 3015 1707 3075 man
1711 3015 1729 3075 shnns
1734 3015 1735 3075 zu
1744 3015 1752 3075 sins
1757 3015 1770 3075 zusr
1775 3015 1776 3075 mi

1521 1121 1529 1181 eins
1533 1121 1546 1181 ed
1552 1121 1577 1181 nunsess
1584 2955 1598 3015 mach
1608 2955 1628 3015 sonnes
1633 2955 1652 3015 Elurz
1659 2955 1685 3015 inosnog

1428 1115 1434 1175 Bist
1440 1115 1450 1175 Sinu
1457 1115 1469 1175 mief
1475 1305 1485 1365 zun
1495 2920 1504 2980 sich
1510 2920 1520 2980 nun
1524 2920 1526 2980 s
1530 2920 1537 2980 dit
1543 2920 1553 2980 wit
1562 2920 1583 2980 senugst

1346 1115 1352 1175 sisl
1359 1115 1365 1175 ima
1373 1115 1378 1175 ich
1385 1641 1395 1701 bon
1400 2273 1404 2333 sie
1410 2958 1421 3018 mut
1428 2958 1442 3018 nus
1450 2958 1459 3018 um
1463 2958 1467 3018 ist
1472 2958 1481 3018 ut
1486 2958 1499 3018 ment

1238 1115 1239 1175 i
1252 1115 1266 1175 ning
1275 1115 1291 1175 mier
1297 2350 1318 2410 imit
1326 2987 1332 3047 sit
1339 2987 1348 3047 wie
1357 2987 1362 3047 "Sie
1367 2987 1383 3047 mast
1391 2987 1401 3047 wov

1142 1108 1156 1168 vostan
1162 1108 1170 1168 vis
1176 1155 1186 1215 mine
1199 2412 1216 2472 zin:
1217 3053 1245 3113 werboas
1251 3053 1265 3113 an
1271 3053 1278 3113 bin
1283 3053 1287 3113 es
1292 3053 1309 3113 galse

1046 1118 1065 1178 muiegg
1070 1118 1076 1178 uns
1080 1175 1091 3016 mir
1099 1858 1108 1918 sehlo
1116 2885 1127 2945 aine
1132 3009 1134 3069 es
1139 3009 1145 3069 sit
1152 3009 1159 3069 in
1171 3009 1172 3069 me
1194 3009 1215 3069 zemme

940 1102 947 1162 in
952 1102 976 1162 Tsoent
983 1157 999 2930 jaen
1008 2751 1013 2811 ich
1021 2926 1031 2986 Siss
1037 2926 1047 2986 og
1056 2926 1059 2986 Sie
1066 2926 1078 2986 min
1084 2926 1097 2986 much
1103 2926 1104 2986 i

831 1099 845 1159 naf
852 1099 863 1159 jas
870 1155 894 2964 imaf
901 2565 907 2625 dit
916 2961 922 3021 vir
928 2961 977 3021 Nofeawarf
984 2961 993 3021 bin
1003 2961 1017 3021 son

734 1099 759 1159 ungmor
765 1153 780 2925 bezen
789 2178 799 2238 ue
805 2920 815 2980 war
821 2920 834 2980 mif
841 2920 842 2980 s
858 2920 869 2980 vin
879 2920 893 2980 me

651 1092 665 1152 mei
679 1882 703 1942 onahs
709 2525 714 2585 ict
720 2691 728 2751 im
735 2910 746 2970 von
754 2930 755 2990 so
764 2930 789 2990 eiszwug
795 2930 805 2990 sihet

537 1086 559 1146 smost
565 1086 582 1146 mun
589 2565 605 2625 Enn
611 1143 617 3055 wit
625 3050 626 3110 zu
633 3050 639 3110 ae
648 3050 656 3110 winz
661 3050 665 3110 orf
675 3050 685 3110 ige
690 3050 702 3110 dasn

438 1089 451 1149 mur
456 1089 465 1149 mir
471 1145 503 3062 nannsof
511 3053 532 3113 vans),
534 3053 543 3113 war
550 3053 565 3113 vinzaf
574 3053 575 3113 si
586 3053 594 3113 fin
601 3053 604 3113 es
609 3053 613 3113 Sie
618 3053 625 3113 wie

340 1111 341 1171 H
355 1111 364 1171 vin
370 1111 371 1171 so
379 1554 381 1614 vo
392 2069 404 2129 wir
411 2910 433 2970 witim
439 2910 468 2970 Zerrallicg
475 2910 504 2970 i,
506 2910 512 2970 win

285 2745 289 2805 wa
379 2949 402 3009 i.

243 1121 252 1181 s
264 1244 286 1304 vil
303 1682 371 1742 1"Ite.
