5719 8217
4341 1427 4860 1530 Wien 9. Dezember 1903.
3272 1538 3992 1594 I. Wipplingerstrasse 38.
758 2622 1015 2725 Sa/H
2452 2233 3346 2283 Lieber Freund!
2334 3028 4962 3136 Da unsere Weihnachtsnummer jetzt fertig gestellt
1277 3225 5063 3338 werden muss, frage ich Sie, ob Sie etwas für mich haben. Es muss nichts
740 3428 5022 3538 Grosses sein, aber aus mancherlei Gründen wäre es mir lieb, wenn Sie mir
752 3631 5207 3734 irgend etwas schicken können. Die Schlenther-Briefe habe ich Ihnen gleich
782 3828 5165 3937 am Montag rekommandiert zurückgeschickt. Hoffentlich bin ich in der näch¬
746 4031 4813 4139 sten Woche mit dem Preisausschreiben so weit fertig, um einmal nachmit¬
734 4228 1164 4331 tags zu Ihnen kommen zu können.
3354 4628 3986 4678 Herzlichst
3603 4826 3779 4881 Ihr
3833 4897 4144 5006 Salten
865 6223 2412 6329 Herrn Dr. Arthur Schnitzler
1486 6694 2007 6806 Wien.
794 7142 4986 7230 Alle für »Die Zeit« bestimmten Zuschriften und Sendungen sind an die Redaction »Die Zeit« und nicht an die
1779 7242 3941 7325 Person eines der Herausgeber oder Mitarbeiter zu richten.
