6145 8170
543 1282 5134 1666 digen und Klugreden zu halten, – an mir, der beständig seine Haut
514 1560 1731 1820 zum Markte trägt.
1217 1749 5116 2068 Sie sprechen von einer politisierenden Absicht, und sa¬
526 1955 5169 2286 gen dann: »Wenn irgendwer Ihnen geraten hat, diesen Artikel zu pub¬
490 2174 4980 2493 lizieren u.s.w.« Sie haben also die Ansicht, dass man – ehe man
514 2381 5175 2706 sein Urteil publiziert, – sich dazu raten oder davon abraten lässt.
502 2582 5015 2918 Sie haben die Anschauung, dass man sich gemeinschaftlich darüber
508 2812 5157 3119 einigt, etwa gruppenweise oder durch Klüngelinteressen zusammenge¬
538 3001 5021 3332 führt, darüber berät, ob es »klug« oder »unklug« ist, diese oder
538 3190 5151 3539 jene Ansicht zu publizieren, kurz, dass man hier nach einer gewis¬
502 3420 3539 3716 sen gemeinsam beschlossenen Taktik vorgeht.
1187 3598 5027 3928 Ich habe von jeher meine Kritiken veröffentlicht, ohne
490 3816 5140 4159 sie vorher irgend einem Menschen zu zeigen, auch ohne zu bedenken,
484 4029 5169 4372 ob mir das, was ich sage, Freunde oder Feinde, Nutzen oder Schaden
479 4230 5092 4590 bringt, habe von jeher dieses Verfahren – wenn man nur seine auf¬
467 4466 5169 4779 richtige Ueberzeugung sagt – für das einzig mögliche gehalten, und
490 4655 5216 5004 stehe nun voll Erstaunen vor einer Denkweise, die mir übrigens sehr
473 4874 3728 5246 viel Licht über Ihren ganzen Brief verbreitet.
1187 4980 5157 5405 Sehen Sie, lieber Herr Heimann, aus diesem Schluss Ihres
479 5281 5163 5600 Briefes, aus Ihren Worten, die Sie im Vollton bedauernder Wohlmei¬
2540 5506 2812 5624 etwas
473 5500 5080 5843 nung aussprechen, raucht mir etwas entgegen, was wir zuwider ist.
473 5659 5086 6037 Hier haben Sie sich ganz unwillkürlich etwas entschlüpfen lassen,
484 5890 5222 6303 und Ihr Brief wird dadurch auf einmal zu einem Dokument gestempelt.
1217 6132 5175 6457 Sie durften sich’s –vielleicht – erlauben und von einer
490 6309 5234 6705 Unklugheit sprechen, wenn Sie es nämlich annehmen, dass es ein Ziel
479 6522 5122 6941 des Klugen sein muss, mit seiner Meinung einflussreichen Personen
496 6723 5181 7124 zu gefallen. Aber Sie durften nicht – auch nicht vermutungswelse –
502 6900 5110 7402 von einer Unredlichkeit sprechen. In meinem ganzen Leben, in mei¬
