3912 6025
2120 1029 3416 1233 Bansin, 17. 7. 06.
448 1563 3479 1857 Lieber, wir wollen schon bald – vielleicht schon diesen Freitag –
412 1735 3565 1995 nach Kopenhagen fahren, und dann zu Ihnen nach Marienlyst
412 1861 3392 2112 kommen. Aber wol nicht länger als auf einen oder zwei Tage.
412 1967 3490 2218 Denn bis die Millionen, deren freilich nur Sie allein so sicher ge¬
408 2077 3534 2340 wärtig sind, bis also die Millionen kommen, muß ich mich noch
416 2171 3447 2422 mit Kleinigkeiten abgeben und Verhandlungen führen, kann
420 2297 3439 2532 also nicht so lange fortbleiben. Ferner ist das Programm, dass
436 2383 3518 2638 ich nach Wien gehe. Von dort eventuell über Ischl, Lueg, Gilgen
420 2497 3377 2756 Salzburg München hierher zurüück. Und endlich ist es meine
416 2587 3412 2870 Absicht, nach Weimar zu gehen, weil ich es Otti unbedingt
420 2701 3416 2980 zeigen möchte, ehe wir das Deutsche Reich verlaßen. Wenn
444 2788 3420 3074 wir uns also nach Kopenhagen in Bewegung setzen, zeige ich es
448 2886 3459 3165 Ihnen telegrafisch an. Inzwischen viele herzliche Grüße von Otti
436 3090 1567 3294 und mir an Sie Beide.
1810 3062 2458 3282 Ihr FSalten
