3352 5652
508 1979 2984 2101 Lieber Freund, wegen des »Liebesreigen« möchte
448 2123 2952 2317 ich so bald wie möglich mit Ihnen sprechen.
452 2287 2888 2485 Dr Szeps macht im Ministerium Anstrengungen
416 2451 3040 2653 denselben durchzusetzen, und an eventuelle Aufregung
420 2595 2992 2817 im Leserkreis kehre ich mich nicht. Ich könnte
416 2759 2844 2957 Ihnen ein nicht unbeträchtliches Honorar
440 2911 2868 3121 dafür bieten, und glaube, wenn es durch
420 3083 2940 3281 Vermittlung des Ministers gelingt, die Sache
424 3239 2720 3457 durch die Censur zu drücken, wäre ein
400 3427 2880 3669 wichtiges Präjudiz geschaffen, das Ihnen
416 3587 2996 3865 auch für eine Buchausgabe sehr werthvoll
420 3787 2868 4053 sein könnte. Bitte, theilen Sie mir gleich
396 3979 2924 4225 nach Ihrer Rückkunft mit, wann ich
404 4215 1600 4389 Sie sprechen kann.
1820 4255 2716 4325 Herzlichst Ihr
2416 4471 2768 4533 Salten
