9342 7006
5447 1661 6007 1721 Emffendung,
6023 1655 6125 1715 dass
6185 1662 6298 1722 hier
6373 1665 6658 1725 zuischen
6717 1663 6830 1723 dem
6889 1659 7186 1719 Uedenel
7266 1659 7385 1719 und
7450 1659 7627 1719 seiner
7675 1651 8080 1711 Behandaug
8149 1655 8559 1715 ergenderchenn
8623 1643 8816 1703 Wider¬

5438 1787 5638 1847 gücße
5703 1779 6041 1839 besteleen.
6050 1775 6502 1835 Widerspnnche,
6516 1779 6576 1839 die
6644 1777 6690 1837 ist
6744 1778 6854 1838 mir
6923 1775 7023 1835 aus
7083 1775 7366 1835 mahen
7417 1763 8139 1823 Temperanentsgüellen
8221 1759 8285 1819 des
8331 1755 8532 1815 Drchleis
8605 1759 8746 1819 geniß

5422 1891 5637 1951 eklaren
5713 1895 5974 1955 kann,
5989 1890 6115 1950 ach
6205 1887 6467 1947 damnt,
6482 1883 6592 1943 dass
6658 1883 6829 1943 iend
6884 1879 7206 1939 einzliefens
7251 1883 7558 1943 hitleben
7623 1879 7683 1939 in
7739 1872 7929 1932 Ihnen
8005 1865 8106 1925 dem
8161 1859 8417 1919 Hofreclet
8483 1855 8774 1915 gleichiam

5407 1989 5491 2049 ut
5552 1996 5664 2056 einer
5734 2003 5887 2063 feinen
5939 1995 6578 2055 Persönlichkeitsfaser
6657 1995 6760 2055 nuf
6821 1991 7114 2051 verbenden
7175 1987 7403 2047 blieb,
7417 1983 7525 2043 dass
7586 1979 7665 2039 ein
7721 1975 7879 2035 letztes
7945 1963 8211 2023 Loslisen
8295 1959 8406 2019 und
8468 1955 8686 2015 ganzes

5430 2107 5741 2167 Freiunden
5831 2107 5905 2167 des
5973 2103 6243 2163 Schspis
6338 2107 6465 2167 vom
6539 2103 6782 2163 Geschöpf
6861 2099 7078 2159 dadunf
7157 2091 7305 2151 nicht
7390 2083 7770 2143 satttfnd,
7781 2076 7891 2136 und
7955 2066 8129 2126 dannt
8182 2063 8303 2123 auf
8367 2055 8510 2115 nit
8594 2043 8684 2103 dies

5419 2223 5625 2283 Fieie,
5635 2228 5696 2288 die
5748 2227 5918 2287 ganze
5964 2223 6359 2283 klemplerhet
6436 2219 6503 2279 der
6554 2215 6693 2275 Füur
6770 2215 7242 2275 überschauende
7319 2203 7448 2263 dere
7535 2199 7546 2259 di
7643 2195 7895 2255 Ehöfers
7957 2184 8070 2244 und
8141 2176 8244 2236 dem
8316 2161 8629 2221 Geschößf.
8640 2147 8742 2207 Noch

5394 2343 5733 2403 Denner:
5751 2339 5858 2399 dass
5936 2335 6275 2395 dasfinge,
6293 2335 6391 2395 as
6465 2327 6534 2387 der
6581 2321 6725 2381 Ernst
6808 2319 6864 2379 dis
6905 2315 7188 2375 Hofreiten
7277 2315 7434 2375 ist,
7448 2315 7522 2375 sut
7587 2303 7726 2363 nicht
7800 2297 8023 2357 inmmer
8088 2289 8203 2349 von
8283 2279 8547 2339 Ihrem,
8561 2271 8626 2331 Dis
8672 2267 8843 2327 Dichlesr

5404 2455 5531 2515 mist
5612 2455 6043 2515 dieferenzest,
6057 2447 6166 2507 dass
6237 2443 6407 2503 beides
6493 2431 6867 2491 mammmal
6948 2423 7578 2483 zusammenfeicht,
7592 2412 7705 2472 und
7753 2407 7829 2467 eie
7881 2403 7995 2463 aus
8047 2399 8231 2459 einem
8293 2387 8610 2447 Eersguung
8681 2375 8691 2435 zu

5413 2574 5721 2634 komren
5795 2570 6087 2630 scheut.
6102 2563 6191 2623 Eine
6246 2556 6415 2616 Gestalt
6484 2554 6673 2614 schent
6722 2551 6752 2611 es
6801 2554 6965 2614 jetzt,
6985 2551 7034 2611 die
7099 2546 7406 2606 gelegenkig
7470 2543 7575 2603 nof
7629 2533 7728 2593 von
7783 2523 7922 2583 einer
7986 2507 8393 2567 penönlichen
8457 2495 8784 2555 dendinen

5388 2685 5591 2745 Calstar
5661 2687 5725 2747 des
5784 2683 5983 2743 Dielleis
6058 2679 6375 2739 uinmrilleit
6428 2676 6482 2736 ist
6551 2675 6557 2735 (
6594 2675 6702 2735 Was
6761 2673 6820 2733 Sie
6879 2667 7028 2727 nicht
7104 2658 7533 2718 mißvnsienen
7592 2651 7817 2711 weeden)
7887 2635 8048 2695 kein
8112 2623 8332 2683 brnuchte
8391 2618 8520 2678 aber
8595 2611 8771 2671 deesen

5410 2810 5555 2870 Hanz
5652 2819 5755 2879 nur
5836 2818 6284 2878 weszüblaren
6381 2813 6495 2873 und
6592 2803 6656 2863 die
6737 2795 7245 2855 vollkommenste
7315 2783 7477 2843 Frgur
7552 2780 7644 2840 für
7719 2771 7768 2831 die
7833 2759 8356 2819 vollkommenste
8448 2751 8567 2811 und
8610 2747 8831 2807 schleste

5400 2941 5694 3001 Komüdie
5785 2943 5930 3003 treite
5999 2935 6246 2995 hesar¬

5421 3067 5427 3127 4
5480 3074 5529 3134 ist
5588 3075 5841 3135 natürlig
5900 3079 6089 3139 schwer
6142 3083 6228 3143 für
6271 3083 6444 3143 nus,
6460 3081 6541 3141 für
6595 3079 6648 3139 Sie
6702 3079 6772 3139 eie
6821 3081 6907 3141 Zür
6956 3075 7165 3135 nig,
7182 3074 7305 3134 über
7360 3071 7483 3131 diese
7537 3070 7704 3130 Dnge
7758 3071 7903 3131 euig
7973 3067 7984 3127 zu
8086 3067 8350 3127 wenden.
8361 3063 8662 3123 Besonas
8721 3055 8781 3115 in

5417 3193 5706 3253 Brefen.
5716 3187 5829 3247 Aber
5883 3188 5917 3248 is
5966 3191 6182 3251 denke,
6196 3191 6255 3251 wir
6309 3195 6481 3255 haben
6544 3192 6608 3252 im
6672 3193 7050 3253 Allgemenen
7128 3188 7231 3248 und
7305 3186 7359 3246 in
7422 3183 7550 3243 Ihrer
7614 3179 7780 3239 Arbeit
7854 3179 7893 3239 eos
7952 3175 8040 3235 vich
8128 3167 8614 3227 Tieffmuckte,
8629 3156 8736 3216 dass

5415 3293 5484 3353 wir
5562 3303 5663 3363 ains
5741 3307 5874 3367 dieser
5938 3307 6085 3367 einen
6154 3307 6461 3367 Orvergenz
6525 3299 6787 3359 gehösten
6852 3295 7305 3355 können-
7315 3283 7393 3343 der
7466 3283 7755 3343 Dagobeit
7847 3280 7907 3340 ist
7962 3275 8058 3335 en
8127 3267 8246 3327 Ke.
8260 3263 8659 3323 Movenmber.
8673 3251 8764 3311 An

5387 3403 5491 3463 1.
5501 3413 5782 3473 (Moueg
5902 3416 5959 3476 int
6026 3419 6078 3479 die
6146 3418 6630 3478 Imalpsebe,
6645 3409 6759 3469 und
6832 3408 6848 3468 i
6947 3403 7092 3463 sende
7186 3396 7326 3456 mif
7409 3391 7711 3451 entärnf
7784 3387 7882 3447 sehr
7934 3378 8210 3438 freuen,
8226 3367 8386 3427 wenn
8449 3367 8517 3427 Sie
8605 3359 8776 3419 seide

5427 3526 5720 3586 konnnen
5795 3527 6093 3587 wolln.
6111 3530 6445 3590 Inznichen
6525 3526 6680 3586 hoffe
6749 3523 6847 3583 in,
6865 3522 6922 3582 Sie
6991 3522 7123 3582 nich
7204 3519 7215 3579 zu
7330 3514 7583 3574 schen.
7601 3498 7814 3558 Meie
7882 3494 8032 3554 Frand
8118 3488 8187 3548 ist
8256 3483 8342 3543 für
8423 3471 8659 3531 wennge

5418 3650 5553 3710 Tege
5627 3658 5683 3718 in
5744 3654 5940 3714 erein

7215 3718 7547 3778 Herzeichste
7615 3712 7937 3772 Grüße.
7962 3726 8045 3786 Ir

8164 3807 8396 3867 Salten
