3539 5927
2447 1123 2794 1183 Drenstag

754 1672 968 1732 Lieber

1072 1828 1174 1888 ein
1237 1826 1316 1886 der
1371 1831 1536 1891 lllis
1599 1835 1685 1895 4.
1701 1848 1977 1908 Dons,
1992 1864 3101 1924 anerikanischerFrurahirt

694 1963 970 2023 Vertrster
1028 1959 1087 2019 des
1138 1959 1415 2019 Foregn
1494 1967 1626 2027 din
1684 1982 1975 2042 Serrig,
1990 1975 2259 2035 Hoonnd
2332 1975 2499 2035 leute
2580 1987 3009 2047 Nachmittag

679 2087 976 2147 m,
1002 2090 1180 2150 duch
1264 2098 1400 2158 eine
1467 2103 1840 2163 Bekante
1925 2109 2383 2169 eingeführt,
2400 2111 2518 2171 ur
2586 2107 2756 2167 miiß
2840 2103 2849 2163 u
3010 2111 3077 2171 in

681 2249 1215 2309 beroscnen.
1222 2239 1273 2299 Er
1338 2236 1521 2296 witt,
1543 2235 1675 2295 und
1747 2231 1835 2291 der
1901 2235 2186 2295 glenhen
2266 2244 2595 2304 Absicht,
2610 2243 2726 2303 aus
2800 2243 2814 2303 zu
2923 2256 3164 2316 Ihnen,

662 2365 738 2425 Ich
794 2363 932 2423 weiß
1023 2371 1349 2431 gannicht
1438 2371 1550 2431 von
1605 2367 1826 2427 ihne,
1848 2351 2063 2411 karen
2152 2351 2284 2411 ihn
2388 2359 2569 2419 weder
2645 2371 3046 2431 empfellen

621 2495 755 2555 nog
827 2495 1255 2555 meführen,
1279 2487 1540 2547 siedene
1620 2487 1794 2547 habe
1866 2479 1913 2539 es
1976 2479 2135 2539 nur
2223 2479 2865 2539 übeime,
2888 2487 2967 2547 die

622 2610 912 2670 anfrege
996 2615 1067 2675 an
1138 2611 1202 2671 Sie
1287 2611 1918 2671 weldergusrben.
1931 2607 2254 2667 Vielleicht
2324 2603 2486 2663 lofra
2589 2606 2654 2666 Sie
2744 2610 2757 2670 zu
2906 2600 3040 2660 mir

637 2719 728 2779 her
805 2731 1098 2791 Bescheit
1162 2723 1455 2783 sogen,
1469 2723 1512 2783 ob
1581 2723 1644 2783 die
1728 2719 1889 2779 Irnm
1959 2722 2127 2782 Sinns
2204 2722 2609 2782 überheupt
2694 2719 2805 2779 und
2896 2708 2959 2768 ob

632 2839 692 2899 Sie
769 2843 859 2903 an
920 2847 1179 2907 dann,
1194 2839 1399 2899 winn
1452 2842 1491 2902 er
1559 2839 1689 2899 von
1749 2839 1879 2899 mir
1962 2835 2266 2895 firdgebt
2365 2835 2502 2895 ider
2578 2831 2746 2891 sond
2814 2823 3011 2883 wone

628 2959 1075 3019 npfangne
1168 2959 1461 3019 wotlca¬

2004 3059 2320 3119 Hrgliht
2474 3067 2489 3127 Ih

2661 3155 2902 3215 Saetn

697 3495 830 3555 mir
896 3487 1304 3547 inderereonter

1500 3475 1607 3535 ud
1666 3475 1734 3535 Sie
1783 3471 2017 3531 hute,
2037 3467 2163 3527 ihna
2222 3467 2485 3527 wagarn
2554 3459 3002 3519 kondmaal.

1427 3599 1568 3659 fei
1622 3589 1628 3649 5

1448 3711 1753 3771 Morgen
1832 3715 1910 3775 in
1971 3711 2049 3771 dir
2102 3703 2504 3763 Genahpob
2581 3699 2704 3759 von
2783 3695 3053 3755 kube)
