9156 6550
481 1393 4499 1663 Eines ist mir sehr erfreulich hier, wenns nur so bleibt: dass die Kinder sich so wol
491 1588 4499 1814 fühlen, und so brav essen. Annerl spricht jetzt schon so viel wie der Paul, und
506 1708 4474 1924 ist so lieb, dass sich’s kaum sagen läßt. Neulich waren wir zum ersten Mal
521 1824 4464 2039 im Zool. Und im Nilpferdhaus waren beide Kinder sprachlos vor Staunen.
501 1949 4484 2194 Da fing das eine Nilpferd laut zu schnauben und zu wiehern an, und Paul war
506 2059 4319 2305 darüber so entsetzt, dass er in Thränen ausbrach, Annerl aber rief dem
516 2154 4539 2470 Nilpferd zu: »Sei still, Nilpferd, sonst muß Pauli weinen!« Und Pauli
516 2285 4534 2615 erzählte zu Hause der Grossmama, das Nilpferd habe »mit dem Mund
531 2450 4404 2756 ein Gewitter gemacht!« Daran ließe sich etwa ein verallgemeinerndes
531 2615 2896 2921 Aphorisma knüpfen, was ich aber unterlaße.
1688 2705 3768 2996 Viele herzliche Grüße von uns zu Ihnen.
3798 2756 4018 3001 Ihr
3968 2876 4429 3101 Salten
