3110 5272
220 1255 2932 1381 und nach allen Seiten. Es geht kein Tag
192 1419 2996 1533 hin, an dem mir nicht etwas Erfreuliches
212 1575 2784 1721 einfiele. Dabei bin ich jetzt an Büchern
192 1703 2968 1893 und Menschen und an den Erinnerungen
228 1851 2800 2049 vorbei auf einem ziemlich directen Weg
224 2027 2936 2233 zu mir selbst. Es ist eine eigenthümlich
224 2151 2812 2377 aufregende Zeit. Frühling kann man
232 2283 2888 2537 nicht sagen, denn es ist etwas Zweites,
256 2447 3016 2693 alles ist dezidirter, kühler und alle Fromen
272 2595 2812 2841 sind ohne den ahnungsvollen Nebel
300 2743 2860 2985 und klarer. Es gibt keinen Menschen,
304 2879 2832 3137 kein Buch, nichts in meinem Leben,
292 3027 2944 3349 zu dem ich nicht eine total veränderte
360 3163 2960 3509 Beziehung hätte, als vorher. Das ist
320 3335 2976 3677 natürlich nicht erst in acht Tagen
316 3523 2920 3821 geworden, aber erst auf meiner Reise,
328 3695 2788 3969 und dann jetzt hier, habe ich
300 3831 3048 4157 ein wenig Ordnung mit diesen Dingen
312 4007 2988 4297 gemacht, und meine Interessen ge¬
316 4339 952 4473 säubert.
460 4339 3020 4613 Von äußeren Umständen weiß ich Ihnen
