4934 6426
1649 1594 4128 1791 bei Lothar trennen, was er ist und was er
1648 1763 4192 1976 schreibt, kann es vielleicht in anderm Sinn
1657 1990 4247 2143 bei Hofmannsthal, wieder in anderm bei Ful¬
1656 2172 4383 2358 da, gerade bei mir kann man es nicht. Ich bin
1667 2326 4268 2535 was wieder die Zukunft zu entscheiden haben
1669 2571 4427 2728 wird, vielleicht ein niederträchtiger Dichter,
1667 2696 4317 2893 aber ich bin ein Dichter und kein Literat.
1676 2898 4207 3116 Und übernehme die Verantwortung so gut für
1666 3086 4316 3291 den Reigen, wie für den einsamen Weg, für
1657 3296 4258 3476 den blinden Geronimo, wie für die Berta Gar¬
1662 3472 4279 3721 lan u. s. w. Natürlich weiss ich sehr gut,
1669 3613 4284 3869 dass mir formal einiges mehr, anderes minder
1661 3813 4325 4039 gelungen ist und verstehe ohne weiters, dass
2366 4013 2461 4142 em
1686 4007 4329 4235 auch jemand, der mich schätzt, das eine oder
1682 4181 4363 4440 das andre meiner Werke zuwider ist. Aber ich
1700 4360 4402 4635 bestreite es, dass irgend ein Mensch, der bei¬
1676 4571 4195 4839 nah zu keinem dieser Werke ein Verhältnis
1700 4734 4210 5017 zu finden imstande ist (und ihren Gehalt
1695 4916 4334 5175 nicht spüren heisst für mich: kein Verhältnis
1728 5129 4469 5358 zu ihnen finden) zu mir persönlich in irgend
1793 5373 4486 5558 einem wirklichen Verhältnis zu stehen imstande
