4499 4208
1010 1789 1142 1849 noch
1219 1795 1450 1855 nicht,
1466 1797 1626 1857 wofür
1681 1798 1730 1858 ict
1791 1798 1918 1858 mif
1978 1798 2319 1858 entcheiden
2374 1798 2616 1858 wirde,
2633 1795 2743 1855 und
2787 1795 2820 1855 es
2875 1798 3057 1858 liegen
3134 1801 3233 1861 nur
3309 1798 3557 1858 mechrere
3618 1779 3860 1839 Unende
3932 1771 4047 1831 vod
4097 1768 4201 1828 mir

989 1911 1029 1971 in
1087 1921 1245 1981 dnsen
1280 1923 1289 1983 ie
1392 1923 1486 1983 alle
1560 1923 1855 1983 Ensande
1909 1920 2180 1980 prüfn,
2195 1920 2559 1980 verschiedene
2633 1919 2859 1979 grßere
2928 1914 3209 1974 arbuiße
3263 1908 3479 1968 firdern
3578 1896 3691 1956 und
3745 1887 3878 1947 elles
3927 1884 4202 1944 Zusanen

991 2047 1263 2107 überlign
1329 2049 1576 2109 nuß.
1591 2046 1627 2106 Es
1673 2053 1832 2113 kone
1904 2052 1914 2112 ja
2032 2055 2140 2115 auf
2196 2048 2381 2108 brin,
2396 2043 2499 2103 dass
2566 2040 2673 2100 kir
2745 2039 2992 2099 Gnedikt
3079 2037 3202 2097 und
3264 2034 3310 2094 is
3392 2036 3551 2096 nicht
3622 2025 4197 2085 zusommenkemmn

970 2172 1070 2232 weit
1146 2177 1182 2237 er
1268 2186 1378 2246 auf
1455 2183 1550 2243 eine
1631 2177 2020 2237 Pellmsalin
2086 2174 2177 2234 von
2233 2174 2339 2234 mir
2430 2170 2547 2230 und
2617 2160 2652 2220 eg
2728 2161 2834 2221 auf
2900 2159 3017 2219 eine
3092 2159 3193 2219 von
3244 2154 3385 2214 ihne
3466 2147 3719 2207 wärte.
3729 2144 3764 2204 Es
3815 2147 3992 2207 hannn
4057 2142 4067 2202 sa

963 2308 1064 2368 ains
1125 2308 1176 2368 (s
1272 2308 1496 2368 beicht)
1547 2308 1750 2368 sein,
1766 2305 1877 2365 dass
1938 2308 2096 2368 wir,
2106 2308 2263 2368 wenn
2329 2305 2442 2365 wir
2513 2296 2680 2356 klein
2751 2290 2990 2350 einmal
3061 2278 3875 2338 zusammenkemen,
3900 2269 4062 2329 nicht
4113 2261 4210 2321 mit

969 2431 1227 2491 äinander
1317 2432 1455 2492 einng
1549 2434 1819 2494 sinden.
1835 2431 1961 2491 Und
2030 2434 2067 2494 es
2120 2434 2289 2494 hhnn
2357 2425 2489 2485 auf
2548 2419 2727 2479 sein,
2738 2416 2854 2476 dass
2906 2416 2955 2476 er
3028 2416 3165 2476 mif
3234 2404 3598 2464 übeshatist
3683 2398 3868 2458 nicht
3947 2390 4100 2450 mag

953 2552 1064 2612 und
1138 2562 1230 2622 ine
1311 2562 1694 2622 Verbindung
1786 2565 1903 2625 sut
1989 2564 2113 2624 mir
2193 2559 2465 2619 gomnnt
2551 2547 2606 2607 in
2680 2547 3020 2607 Enägung
3100 2536 3365 2596 gicht.
3384 2526 3496 2586 Ag
3569 2520 3760 2580 dent
3847 2517 4051 2577 rechne
4112 2517 4205 2577 it.

1544 2726 1650 2786 Bii
1714 2726 1804 2786 nis
1857 2726 1963 2786 geled
2032 2729 2159 2789 allss
2223 2729 2456 2789 zinen
2546 2726 2637 2786 wil
2742 2726 3029 2786 Arbeit,
3044 2728 3288 2788 gäste,
3304 2720 3761 2780 Seluntlage,
3776 2702 4094 2762 mufeüge

965 2824 1056 2884 Das
1107 2836 1340 2896 welesill
1436 2831 1452 2891 so
1533 2833 1583 2893 ib
1674 2836 1781 2896 und
1857 2836 1913 2896 ist
1984 2836 2141 2896 besher
2217 2833 2349 2893 vom
2425 2830 2689 2890 Mleönsine
2744 2825 2927 2885 Wetter
3008 2820 3368 2880 besonnt.
3379 2813 3384 2873 4
3470 2811 3617 2871 habe
3687 2807 3789 2867 eine
3870 2797 3992 2857 Kuur
4068 2786 4078 2846 be

994 2950 1225 3010 wenssen
1335 2957 1432 3017 und
1501 2953 1607 3013 bin
1691 2950 1889 3010 süthit
1981 2945 2037 3005 in
2102 2938 2397 2998 Schnerzie
2466 2939 2623 2999 lis,
2637 2938 2775 2998 habe
2849 2935 2914 2995 die
2997 2932 3075 2992 Zut
3172 2926 3491 2986 eächt,
3509 2917 3518 2977 nu
3721 2908 3823 2968 nuf
3883 2897 3998 2957 hier
4053 2892 4063 2952 zu

960 3070 1207 3130 laßsen,
1223 3078 1398 3138 dasmt
1481 3075 1517 3135 ig
1600 3069 1708 3129 diese
1780 3066 1883 3126 kur
1961 3063 2291 3123 bendigen
2378 3056 2672 3116 kann,
2687 3052 2801 3112 und
2858 3048 2945 3108 ihn
3007 3042 3157 3102 dafr
3234 3030 3693 3090 engeboten,
3708 3014 3827 3074 von
3909 3001 4038 3061 hier

970 3194 1057 3254 ais
1122 3198 1132 3258 zu
1263 3201 1653 3261 schrüiben.
1664 3192 1854 3252 kann
1908 3195 2109 3255 sein,
2125 3192 2228 3252 dass
2282 3190 2293 3250 si
2407 3186 2548 3246 nig
2613 3174 2895 3234 litzvem
2970 3165 3182 3225 grüngt
3296 3148 3431 3208 nag
3491 3135 3643 3195 Wien
3703 3129 3713 3189 zu
3832 3126 4103 3186 gehen.

942 3301 1098 3361 Ticher
1177 3314 1219 3374 ist
1308 3318 1438 3378 sehre
1538 3320 1569 3380 is
1642 3314 1960 3374 Gastenm.
1976 3313 2065 3373 Wir
2138 3308 2337 3368 grüfen
2410 3304 2462 3364 Sie
2525 3299 2629 3359 alle
2713 3290 2765 3350 in
2828 3284 3277 3344 Enzecgkiit.

3342 3307 3434 3367 Ihr
3585 3326 3803 3386 Sallten
