4417 6437
2546 1314 3329 1448 Wien, 5. Juli 08
843 2036 3626 2220 Lieber, vielen Dank für Ihren teilnehmenden Brief, und danken Sie, bitte
829 2153 3609 2334 auch Ihrer l. Frau für ihre Teilnahme. Mein armer Bruder hat uns bis
829 2227 3591 2387 vor etwa vier Wochen noch immer Hoffnung gelaſsen. Sein Befinden
839 2302 3640 2458 war schwankend, aber nicht verzweifelt. Gelitten hat er in den ga¬
822 2369 3640 2564 zen fünfzehn Monaten beständig, mehr als sich sagen läſst. Dann
832 2447 3651 2638 aber begann ganz plötzlich das sterben und dauerte mit allen Qualen,
850 2532 3587 2691 die sich nur denken laſsen, vier Wochen lang. Ich war viel, namentlich
836 2596 3601 2766 aber in den allerletzten Stunden bei ihm, und habe versucht, ihm durch
839 2674 3541 2858 fortwährendes Morphium wenigstens einen Teil seiner ungemein frischen
843 2720 3665 2950 Besinnung zu nehmen. Was für eine Krankheit ihn weggenommen hat von uns, das
843 2822 3651 3010 wissen wir noch immer nicht. Aber jetzt braucht man’s auch nicht mehr wiſsen.
843 2886 3690 3088 Ich bin jetzt an den Nerven wieder total herunter und von meinen Darmzustän¬
843 2964 3601 3138 den in peinigender Weise, mehr als je, heimgesucht. Trotz alledem muſs ich
846 3031 3566 3240 sehr viel arbeiten, und muſs den ganzen Sommer an die Arbeit wenden.
857 3106 3598 3311 Wir reisen Mittwoch früh nach Noordwijk, wo wir Sonntag eintreffen und bis
850 3177 3630 3403 15. August bleiben. Otti geht von dort nach Franzensbad; ich über Baireuth
853 3332 2050 3481 und Salzkammergut nach Wien.
1158 3375 3552 3559 Nochmals vielen Dank Ihnen Beiden, auch meine Mama dankt Ihnen
864 3506 2341 3655 vielmals. Schönste Grüße von uns zu Ihnen.
2546 3495 2964 3644 Ihr Salten
