4826 7256
815 1508 1107 1568 Flir
1229 1508 1546 1568 Salre

3344 1482 3564 1542 Wien,
3578 1479 3742 1539 22.
3756 1469 3880 1529 V.
3893 1467 3900 1527 1

1396 2327 1567 2387 ieber
1689 2336 1738 2396 sie
1792 2336 1927 2396 ener
1982 2336 2097 2396 seht
2140 2338 2567 2398 anzenchmen
2616 2336 2763 2396 Weise
2824 2324 3007 2384 ergibt
3056 2324 3092 2384 es
3141 2320 3226 2380 sich
3294 2315 3403 2375 mir
3458 2309 3562 2369 aus
3611 2304 3793 2364 Ihreen
3831 2296 4019 2356 Brief.
4031 2292 4111 2352 für
4154 2292 4233 2352 den
4275 2288 4324 2348 ich

852 2448 1009 2508 Iren
1051 2456 1257 2516 Deetens
1317 2453 1565 2513 danke,
1577 2461 1679 2521 dass
1728 2461 2127 2521 Diseussinnen
2188 2464 2333 2524 dieser
2375 2460 2453 2520 Art
2508 2464 2750 2524 zwischen
2792 2456 2883 2516 uns
2937 2448 3071 2508 durch
3125 2444 3300 2504 keinen
3336 2434 3584 2494 anderen
3633 2425 3802 2485 Zusatz
3850 2414 3916 2474 ine
3959 2408 4092 2468 hiiet
4146 2408 4358 2468 Sachlich

854 2571 947 2631 Ud
990 2576 1245 2636 enffärbt
1301 2584 1550 2644 werden.
1562 2580 1649 2640 Aus
1686 2583 1848 2643 Ihrem
1892 2583 2022 2643 Brief
2071 2580 2277 2640 glaube
2333 2584 2389 2644 ich
2457 2584 2538 2644 ein
2582 2581 2824 2641 gewisses
2861 2572 3147 2632 Vertrauen
3197 2563 3247 2623 in
3302 2557 3452 2617 mein
3489 2544 3757 2604 Vernaltes
3806 2539 3819 2599 zü
3899 2532 4036 2592 Ihren
4086 2524 4322 2584 Arbeihen

817 2688 1027 2748 Frnzern
1082 2692 1093 2752 zu
1187 2698 1409 2758 darfen,
1420 2700 1520 2760 und
1580 2700 1663 2760 das
1713 2700 1990 2760 überhebt
2045 2696 2239 2756 mich,
2255 2696 2444 2756 Ihnen
2488 2692 2566 2752 erst
2615 2688 2737 2748 noch
2809 2684 2820 2744 zu
2909 2678 3141 2738 dagen,
3152 2675 3224 2735 wie
3274 2668 3368 2728 grof
3440 2662 3584 2722 mein
3628 2659 3827 2719 Respelt
3871 2646 3982 2706 unt
4038 2644 4214 2704 meine
4275 2631 4387 2691 Zu¬

799 2808 1045 2868 Manghig
1102 2810 1171 2870 füt
1222 2812 1311 2872 jede
1368 2808 1695 2868 prodüktire
1746 2808 1911 2868 Arbeit
1974 2807 2043 2867 im
2106 2804 2504 2864 allgemseinen
2567 2798 2680 2858 und
2725 2796 2807 2856 für
2876 2791 2933 2851 die
2997 2780 3186 2840 Ihrige
3249 2776 3324 2836 in
3381 2764 3735 2824 besonderen
3779 2753 3893 2813 ist,
3911 2744 4246 2804 ohneweiten
4297 2732 4417 2792 gebe

811 2924 862 2984 iss
924 2920 1093 2980 ahhen
1166 2917 1300 2977 denn
1363 2920 1481 2980 auch
1559 2920 1616 2980 die
1672 2916 2032 2976 Mlörzlichkeit
2083 2914 2218 2974 zu,
2230 2912 2342 2972 dass
2387 2908 2448 2968 Sie
2505 2904 2550 2964 in
2601 2896 2741 2956 allen
2787 2896 2961 2956 Teilen
3022 2882 3158 2942 recht
3214 2873 3473 2933 haben.
3490 2861 3574 2921 Doch
3648 2856 3805 2916 kann
3861 2852 3895 2912 ic
3957 2848 4086 2908 mich
4177 2844 4250 2904 dir
4311 2836 4396 2896 Ein

820 3028 1009 3088 aicks
1063 3028 1209 3088 nicht
1274 3024 1615 3084 erwekren,
1631 3023 1733 3083 dass
1793 3020 1858 3080 Sie
1923 3020 2112 3080 mene
2171 3016 2474 3076 Eimmünde
2523 3004 2739 3064 anders
2793 2994 3112 3054 auslegen,
3123 2988 3199 3048 als
3247 2984 3297 3044 ist
3345 2976 3399 3036 sie
3453 2961 3686 3021 gewwend
3729 2952 3923 3012 habe,
3939 2941 4059 3001 und
4113 2938 4334 2998 möchte

806 3133 986 3193 derhalb
1053 3132 1151 3192 noch
1218 3128 1290 3188 ein
1341 3124 1454 3184 Wort
1522 3120 1763 3180 darüber
1819 3124 2062 3184 sagen.
2077 3116 2422 3176 Zunächst,
2432 3116 2535 3176 dass
2586 3112 2710 3172 feis
2756 3096 3276 3156 Misonständens
3337 3078 3384 3138 in
3446 3063 3713 3123 meinem
3770 3045 3924 3105 Llänzd
3976 3036 4264 3096 beuilleon
4315 3028 4475 3088 gat,

788 3232 920 3292 nicht
985 3236 1248 3296 besicht.
1259 3224 1358 3284 Dort
1418 3224 1594 3284 schrieb
1654 3228 1665 3288 i
1747 3228 1884 3288 sin,
1901 3227 2010 3287 dass
2059 3220 2306 3280 Hofreiter
2361 3212 2481 3272 nicht
2541 3210 2607 3270 bii
2662 3201 2766 3261 dem
2810 3192 2963 3252 Kinde
3035 3184 3313 3244 bleiben,
3330 3171 3484 3231 nist
3544 3159 3615 3219 ein
3659 3137 4294 3197 Vaderschaftsgefüll
4344 3125 4447 3185 aus

795 3331 967 3391 mufel
1042 3336 1323 3396 köne.
1341 3332 1392 3392 Ich
1462 3336 1559 3396 hab
1639 3336 1725 3396 das
1783 3330 2082 3390 atureng
2128 3325 2479 3385 begrffen,
2490 3316 2605 3376 und
2662 3303 2967 3363 brauchte
3030 3292 3110 3352 das
3157 3284 3294 3344 auf
3351 3268 3484 3328 nach
3553 3249 3926 3309 Anerika"
3943 3236 4058 3296 um
4092 3232 4133 3292 so
4191 3226 4483 3286 wennger.

760 3432 771 3492 o
889 3437 900 3497 ji
995 3444 1118 3504 auch
1202 3440 1320 3500 derse
1404 3443 1544 3503 Feise
1617 3440 1936 3500 zweifelhaft
2009 3432 2121 3492 und
2199 3428 2277 3488 im
2339 3420 2546 3480 Grunde
2631 3400 3095 3460 unwesenliit
3152 3381 3364 3441 nurg,
3381 3376 3454 3436 dn
3499 3365 3649 3425 Lnzd
3700 3348 3818 3408 seht
3879 3341 3964 3401 das
4014 3332 4120 3392 auch
4181 3324 4456 3384 garnicht

799 3538 862 3598 die
919 3545 961 3605 die
1024 3548 1453 3608 Astichmen,
1469 3552 1552 3612 als
1610 3547 1689 3607 ein
1751 3540 2008 3600 Gedanke
2071 3536 2191 3596 von
2253 3528 2374 3588 mut
2442 3524 2609 3584 gegen
2672 3512 2771 3572 eine
2824 3504 2944 3564 Von
2986 3496 3096 3556 mir
3148 3484 3713 3544 mussverstandene)
3750 3456 3954 3516 lbscht
4006 3441 4132 3501 ven
4179 3428 4451 3488 Ihnen¬

846 3656 1154 3716 Rlncht,
1182 3652 1284 3712 dass
1332 3652 1462 3712 Dieser
1510 3645 1716 3705 Funder
1770 3640 1873 3700 Ruf
1921 3642 2113 3702 ebenss
2161 3632 2242 3692 wie
2297 3626 2352 3686 die
2406 3620 2708 3680 anord,
2728 3609 2790 3669 die
2838 3600 2975 3660 ihnm
3037 3592 3201 3652 aind,
3214 3583 3311 3643 mit
3379 3580 3427 3640 in
3482 3573 3605 3633 ihrer
3659 3552 4166 3612 dAnwendung"
4187 3533 4324 3593 nicht
4378 3528 4508 3588 über

788 3744 1022 3804 Dangend
1061 3752 1322 3812 schen.
1348 3748 1506 3808 Wenn
1558 3740 1649 3800 das
1688 3740 1833 3800 sent
1924 3732 2315 3792 daderrft,
2341 3724 2419 3784 der
2473 3716 2681 3776 Vatet,
2720 3708 2746 3768 i
2839 3694 3086 3754 komme
3140 3678 3505 3738 andwortel,
3531 3668 3635 3728 und
3674 3653 3819 3713 shuse
3858 3644 4053 3704 Anden
4092 3632 4341 3692 Alzete
4380 3632 4471 3692 due

794 3849 1085 3909 miklung
1152 3849 1212 3909 des
1267 3845 1470 3905 Stückes
1526 3847 1762 3907 geben,
1778 3842 1889 3902 mit
1949 3832 2081 3892 ihret
2141 3824 2373 3884 inneren
2438 3814 2554 3874 und
2603 3812 2648 3872 in
2692 3804 2752 3864 der
2801 3799 3016 3859 Sekunde
3077 3776 3610 3836 uwidersprechlich
3670 3752 3973 3812 wickenden
4028 3737 4358 3797 Bedeutung
4413 3724 4495 3784 den

780 3947 1050 4007 alsklang
1123 3952 1196 4012 des
1247 3951 1421 4011 Srückes
1478 3948 1911 4008 bestimmen,
1922 3936 2080 3996 dahn
2136 3932 2238 3992 und
2305 3928 2378 3988 ein
2440 3917 2732 3977 Anschen
2789 3905 3087 3965 geweckt,
3104 3892 3301 3952 mente
3352 3886 3453 3946 it,
3470 3879 3549 3939 ein
3593 3861 3836 3921 aublick
3909 3842 4213 3902 seöffet,
4224 3836 4309 3896 den
4354 3828 4449 3888 dass

756 4048 829 4108 dar
875 4060 1174 4120 Berinnen
1241 4056 1293 4116 dir
1344 4056 1626 4116 Jolgenden
1682 4050 1977 4110 Selunden
2044 4040 2202 4100 orhon
2259 4032 2491 4092 vereirft
2575 4017 2666 4077 mit
2717 4008 2983 4068 Grnnden,
2999 4000 3050 4060 die
3095 3996 3135 4056 if
3186 3995 3197 4055 ji
3293 3979 3570 4039 anfühste
3627 3963 3734 4023 und
3796 3953 3852 4013 die
3909 3951 3920 4011 ja
4034 3941 4090 4001 die
4141 3932 4299 3992 Inren
4355 3922 4463 3982 sind

796 4164 905 4224 Wde
952 4167 1265 4227 Schawer,
1276 4164 1317 4224 es
1364 4164 1421 4224 ist
1479 4160 1902 4220 poeholorzisch
1989 4148 2215 4208 sicherli
2308 4129 2586 4189 richig,
2598 4116 2702 4176 dass
2754 4103 3061 4163 Hofreitit,
3079 4092 3183 4152 von
3253 4081 3322 4141 der
3374 4072 3618 4132 Dicnme
3693 4053 3856 4113 seines
3908 4038 4098 4098 Rrndes
4157 4024 4423 4084 getwoffen

776 4264 1121 4324 nihmmert
1218 4264 1277 4324 In
1340 4264 1512 4324 diesem
1564 4260 1880 4320 Moment.
1892 4252 1926 4312 Es
1966 4248 2087 4308 mag
2139 4241 2259 4301 aus
2317 4230 2524 4290 richtig
2582 4217 2765 4277 sein,
2783 4208 2887 4268 dass
2933 4204 2973 4264 er
3024 4198 3128 4258 dem
3179 4183 3433 4243 Unaben
3496 4169 3651 4229 sofost
3697 4148 4215 4208 entgegendturgt,
4226 4124 4387 4184 obwol

788 4352 936 4412 Lans
988 4363 1039 4423 in
1079 4368 1246 4428 diesem
1292 4368 1533 4428 Monsent
1613 4364 1733 4424 auh
1814 4359 1945 4419 nicht
2003 4350 2129 4410 eben
2192 4341 2341 4401 fälig
2398 4330 2593 4390 fühlen
2645 4315 2909 4375 könnte,
2926 4306 3023 4366 ihm
3075 4298 3092 4358 zu
3201 4284 3430 4344 sehen.
3447 4264 3751 4324 Democh:
3763 4256 3797 4316 er
3838 4246 3946 4306 gibt
3992 4236 4112 4296 eiet
4158 4228 4479 4288 Augenblicks

820 4462 944 4522 gnz
1000 4472 1099 4532 nat
1186 4472 1317 4532 hner
1360 4468 1788 4528 bgriflichen.
1800 4464 1912 4524 Aber
1956 4457 1993 4517 es
2024 4456 2073 4516 ist
2130 4446 2372 4506 zuglntn
2427 4435 2539 4495 auf
2594 4425 2657 4485 der
2707 4416 2818 4476 letzte
2886 4403 3153 4463 Moosent
3222 4391 3284 4451 des
3321 4380 3532 4440 ganzen
3587 4360 3823 4420 Prcbes.
3842 4350 3898 4410 Sie
3941 4339 4152 4399 Särkste
4208 4326 4487 4386 Betonuen

773 4568 856 4628 ist
919 4572 1135 4632 Gubt
1186 4571 1320 4631 man
1409 4576 1797 4636 desseigen,
1810 4567 1912 4627 nas
1956 4552 2433 4612 übrigbleibt.
2446 4539 2592 4599 Mein
2657 4520 2949 4580 Limand
3012 4510 3121 4570 giet
3178 4499 3286 4559 also
3369 4487 3477 4547 nur
3540 4472 3611 4532 der
3675 4455 4120 4515 sekundenlang
4184 4439 4457 4499 falschen

773 4680 1213 4740 nrdchtue,
1230 4684 1276 4744 die
1346 4682 1624 4742 mierhals
1694 4676 1763 4736 der
1809 4668 2047 4728 koödie
2110 4652 2279 4712 freiliz
2325 4642 2429 4702 eine
2476 4628 2927 4688 pogehonzische
2985 4614 3113 4674 lütze
3176 4606 3280 4666 Sie
3339 4587 3570 4647 kann,
3581 4572 3646 4632 die
3692 4567 3802 4627 ebst
3859 4561 3929 4621 ein
3993 4553 4166 4613 ihrem
4236 4544 4410 4604 Schlaß

751 4785 865 4845 iee
929 4796 1026 4856 eise
1092 4797 1469 4857 ganzandere
1561 4788 1740 4848 kunst
1810 4771 2241 4831 okononnsche
2306 4744 2852 4804 Adenuunghat.
2868 4727 2997 4787 Mein
3056 4716 3327 4776 Linwand
3380 4699 3440 4759 ist
3505 4688 3651 4748 der,
3667 4678 3775 4738 dass
3824 4672 3921 4732 hir
3975 4666 4082 4726 eine
4142 4652 4406 4712 absold

770 4912 1259 4972 Hifcholigische
1334 4899 1702 4959 Richtigkeit
1770 4887 1870 4947 mit
1934 4876 2070 4936 einer
2139 4858 2613 4918 dranatischen
2676 4833 3055 4893 Richtigkeit
3124 4815 3513 4875 köllidirt,
3524 4785 3782 4845 weduch
3876 4769 4019 4829 beide
4087 4758 4487 4818 aufgehoben

754 5016 1055 5076 weiden.
1070 5012 1171 5072 Was
1226 5010 1361 5070 nicht
1432 5005 1784 5065 geschähe,
1799 4991 1950 5051 wenn
2005 4976 2332 5036 Hofreiter,
2342 4960 2483 5020 venme
2533 4952 2708 5012 Rufen
2779 4938 2940 4998 sinns
2985 4932 3181 4992 kindes
3232 4921 3472 4981 eeilt,
3488 4903 3619 4963 zuar
3664 4884 4111 4944 aufwimmern
4172 4876 4382 4936 näcde,
4392 4876 4478 4936 abe

760 5117 1035 5177 eraris,
1051 5120 1137 5180 von
1191 5119 1385 5179 allen,
1402 5118 1488 5178 was
1520 5112 1552 5172 er
1595 5107 1747 5167 erlebst
1800 5100 1930 5160 hat,
1946 5088 2324 5148 geschnäct,
2340 5064 2690 5124 regungseos
2755 5052 2938 5112 sehen
2997 5038 3251 5098 bliebe.
3262 5026 3321 5086 Die
3375 5008 3704 5068 Perniekne
3774 4990 3892 5050 wäre
3968 4988 4124 5048 dann
4200 4980 4265 5040 die
4356 4980 4459 5040 dass

766 5230 879 5290 selbes
931 5237 1044 5297 And
1112 5239 1179 5299 eim
1241 5232 1422 5292 Gerten
1484 5224 1742 5284 draußen
1804 5198 2320 5258 ondebenzsuft,
2335 5180 2454 5240 und
2537 5172 2645 5232 dass
2691 5165 2805 5225 dem
2852 5156 3141 5216 gertörten
3208 5132 3441 5192 kame
3502 5119 3606 5179 auf
3678 5109 3740 5169 der
3797 5100 3946 5160 Beue
4039 5096 4194 5156 nichts
4256 5096 4421 5156 nihr

758 5331 847 5391 ebe
970 5344 1077 5404 ist.
1099 5341 1194 5401 hit
1250 5337 1306 5397 die
1352 5333 1541 5393 letzte,
1553 5327 1766 5387 änste
1816 5311 2118 5371 Betonung
2185 5300 2196 5360 di
2298 5290 2499 5350 Srünkes
2566 5283 2689 5343 wäre
2762 5273 2919 5333 dann
2981 5267 2992 5327 s
3064 5250 3411 5310 eindenglig
3501 5233 3608 5293 dass
3663 5221 3708 5281 sie
3770 5214 3921 5274 keine
3983 5208 4223 5268 Sekmnde
4279 5204 4425 5264 lang

748 5444 924 5504 andes
981 5452 1208 5512 gedeutet
1276 5449 1464 5509 werden
1532 5436 1810 5496 könnte.

1455 5535 1552 5595 Ur
1609 5538 1716 5598 noch
1789 5544 1973 5604 eines,
1988 5542 2045 5602 ich
2106 5540 2230 5600 habe
2281 5532 2414 5592 nicht
2476 5528 2645 5588 daren
2691 5520 2969 5580 gedacht,
2984 5512 3194 5572 eloche
3250 5500 3512 5560 Bedenken
3574 5493 4056 5553 vorzübringen,
4071 5495 4236 5555 kann
4271 5492 4400 5552 mief

773 5675 867 5735 and
924 5680 1071 5740 nicht
1133 5679 1463 5739 besnen,
1478 5680 1662 5740 Denals
1714 5676 1996 5736 Einwande
2048 5669 2106 5729 der
2147 5664 2341 5724 Moral
2404 5660 2565 5720 gegen
2623 5656 2675 5716 die
2733 5652 2994 5712 Gedalten
3052 5640 3187 5700 eines
3240 5620 3674 5680 Unnstenkes
3721 5612 3972 5672 erhoben
4019 5607 4029 5667 zu
4128 5600 4332 5660 haben
4379 5600 4468 5660 mir

765 5792 1001 5852 undere
1088 5798 1303 5858 mi,
1318 5800 1420 5860 dass
1476 5800 1528 5860 Sie
1625 5800 1635 5860 so
1727 5799 2075 5859 nehmen.
2085 5792 2198 5852 Aber
2243 5790 2330 5850 den
2392 5781 2806 5841 menschlichen
2873 5768 3067 5828 Ghalt
3123 5761 3251 5821 einer
3308 5756 3482 5816 Gesatt
3543 5752 3737 5812 wunden
3794 5744 3875 5804 wir
3937 5735 3947 5795 de
4090 5728 4177 5788 wil
4244 5724 4453 5784 inmmer

753 5910 1018 5970 wägen.
1034 5912 1118 5972 Das
1161 5908 1293 5968 ist,
1309 5909 1489 5969 obreits
1579 5912 1680 5972 von
1728 5912 1966 5972 Erlik,
1977 5912 2093 5972 eine
2162 5908 2294 5968 Trage
2368 5908 2432 5968 des
2485 5900 2956 5960 künsttenschen
3025 5888 3338 5948 Materah
3433 5880 3566 5940 und
3634 5872 3809 5932 seiner
3867 5860 4328 5920 Behandlung

761 6010 767 6070 S
846 6031 986 6091 nube
1060 6038 1099 6098 is
1190 6036 1252 6096 bii
1303 6040 1624 6100 Hofrecht,
1641 6044 1776 6104 ennn
1816 6040 1844 6100 ig
1917 6040 2019 6100 sein
2076 6032 2724 6092 Persönlirfkeitsenicht
2798 6028 2928 6088 aund
3001 6024 3080 6084 den
3125 6020 3334 6080 wazisch
3396 6015 3729 6075 gewendehn
3785 6004 4253 6064 Riederschwung
4304 5996 4372 6056 des

739 6143 924 6203 hter
971 6160 1622 6220 zusammenhalte,
1640 6172 1777 6232 seine
1848 6168 2194 6228 Komisteng
2260 6164 2337 6224 an
2409 6164 2480 6224 der
2535 6160 2707 6220 Wucht
2778 6156 2857 6216 des
2910 6152 3112 6212 Enshe
3179 6150 3446 6210 mitte,
3465 6144 3518 6204 in
3578 6142 3673 6202 den
3727 6137 3775 6197 er
3817 6128 4043 6188 gedellt
4091 6121 4264 6181 ist,
4276 6116 4341 6176 die
