3319 5991
1771 1630 2935 1700 Wien, 13. September 98
427 2458 2939 2548 Lieber Arthur, haben Sie meinen Brief be¬
379 2678 2895 2752 kommen? Ich konnte damals nicht ins
383 2886 2891 2972 Theater und schlug Ihnen vor, an einem
347 3094 2799 3184 Nachmittag in Schönbrunn spazieren
323 3330 2883 3400 zu gehen. Möchten Sie nicht? Ich würde
327 3530 2907 3628 mich schon sehr freuen, Sie wieder zu sehen.
319 3766 2951 3848 Schreiben Sie mir doch eine Zeile, am besten
319 3982 2947 4060 Sie verständigen mich Vormittag im Bureau.
1367 4198 2423 4280 Herzlichst Ihr
2059 4530 2531 4620 Salten
