3446 6299
1403 1319 2473 1579 Mittwoch.
603 1858 3051 1996 Lieber Freund, seit gestern bin ich
507 2090 2819 2224 wieder da, und möchte Sie sehr
511 2266 2631 2428 gern bald sehen. Hätten Sie
515 2438 2915 2608 morgen, Donnerstag Abds, um
499 2606 2771 2824 10. Lust in den Kaiserhof
515 2778 2807 3016 zu kommen? Mir ist es über
515 2950 2955 3172 Erwarten, weit über Verdienst gut
527 3150 2939 3364 gegangen, nur war ich durch
511 3302 2751 3532 die verschiedensten Dinge so
500 3476 2826 3744 gehetzt und absorbirt, dass ich
503 3662 2899 3904 außer Depeschen nichts schrieb.
515 3858 3047 4108 Entschuldigen Sie meine Schweigen,
619 4050 2935 4312 – Sie werden es gewiß, wenn ich
559 4234 2895 4512 Ihnen einiges erzähle. Wenn
503 4454 2723 4704 Sie mir nicht abschreiben,
503 4614 2719 4924 bin ich Donnerstag Abds
479 4818 2495 5136 d. i. also morgen im Café,
955 5062 3011 5240 herzlichst Ihr Salten
