6145 8170
1984 1190 4724 1533 Brief des Herrn Moritz Heimann an mich.
1477 1539 5096 1928 Auf Ihren Brief hätte ich Ihnen gleich geantwortet,
761 1810 5046 2148 und wohl auch ohne einen solchen Ihnen geschrieben, wenn mi
767 1951 5271 2340 das Schreiben eines Briefes zur Zeit nicht so arg zusetzte. Man
784 2204 5316 2543 hat Sie nicht falsch berichtet, aber ich nehme an, dass man Ihnen
789 2396 5215 2779 auch den Grund dessen gesagt hat, was Sie meinen Groll nennen:
795 2599 5192 2948 es ist Ihr Aufsatz über Hauptmann in der »Zeit«, die Ergänzung
795 2853 5220 3168 in der Schaubühne bestätigt mir nur den Eindruck davon. Dass Sie
806 3005 5305 3371 ihn schrieben und wie Sie ihn schrieben! Diese schlecht verhel¬
806 3202 4922 3557 te Freude, diese falsche Gerechtigkeit, diese Demaskierung –
801 3416 5141 3760 mit einem Wort – des kaltherzig berechnet leidenschaftlichen,
806 3642 5175 3969 des politisierenden Journalismus, – alles dies hat mich bis in
806 3828 5220 4144 den Grund empört. Sie fangen damit an, die Ereignisse der Pre¬
817 3986 5305 4375 miere zu beschreiben, und schön, anschaulich, mit aller wünschens¬
812 4251 5226 4555 werten »Poesie« zu schreiben und sind gar nicht dabei gewesen,
846 4454 5215 4747 – Ihre Freunde werden Ihnen, gefragt, sagen können, wie sich das
863 4645 5186 4967 macht. Doch ich will und kann mich nicht auf die Einzelheiten
840 4843 5311 5192 einlassen und ich hoffe, dass auch Ihnen daran nichts liegt. Ich
834 5057 5175 5418 debattiere auch nicht mit Ihnen über Hauptmann und sein Werk,
840 5243 5124 5604 ich habe in dem Artikel Sie gelesen und das hat mich erregt;
834 5468 5265 5790 der Aufsatz von Kerr hat meinen Beifall gehabt (bis auf eine
851 5654 4995 6015 Stelle) auch das soll Ihnen sagen, was der Ihre mir gesagt
846 5902 1889 6224 und getan hat.
1562 5993 5265 6376 Lassen Sie mich glauben, dass Sie nur eine Unklugheit
868 6224 5265 6596 getan haben; aber es wäre nicht das erstemal, dass eine Unklug¬
846 6466 5215 6799 heit auch eine Unredlichkeit sein kann. Wenn irgend wer Ihnen
868 6680 5147 7024 geraten hat, den Aufsatz zu publizieren, oder auch nur nicht
863 6861 5017 7227 abgeraten hat, der hat Ihnen übel gedient, übler als ich in
879 7103 4668 7442 in diesem Augenblick. Moritz Heimann
