4132 4066
647 1319 3543 1473 Lieber Freund, ich lese soeben im 6-Uhr¬
683 1459 3677 1643 Blatt die Notiz von Agnes Jordan. Ich brauche
659 1632 3465 1826 Ihnen wol nicht erst zu sagen, dass ich
644 1787 3689 1972 derselben vollständig ferne stehe. Ich weiß
603 1898 3427 2118 absolut nicht durch wen man das er¬
620 2068 3415 2267 fahren hat. Morgen Abend reise ich
591 2241 3346 2458 nach Salzburg, für ein paar Tage -
689 2441 3176 2620 vielleicht kommen Sie hin, ehe Sie
617 2552 3731 2787 nach Wien fahren. Wir reisen dann
659 2737 3215 2963 zusammen nach Wien zurück.
620 2880 3340 3162 Nachricht trifft mich in Salzburg
656 3107 3280 3309 poste restante. Herzlich Salten
486 1613 559 3082 22./7.97 ½12 Nachm Im Café.
