8714 6535
824 1621 2544 1749 an Gerhart Hauptmann, um ſeiner ſchönen
824 1718 1308 1873 Augen willen.
887 1961 2533 2109 Lieber Gott, überhaupt das Perſönliche. Es iſt,
783 2087 2526 2229 namentlich in einem Fall wie dieſem, das einzig
786 2179 2517 2310 Verläßliche. Irgendein Heuchler, der ſich heim¬
779 2260 2517 2400 lich einmal den Kopf bebutterte, hat das Tar¬
783 2362 2528 2479 tüffe-Wort erfunden: Die wahre Kunſtkritik ſoll
790 2445 2533 2584 nie perſönlich werden. Wie jede Lüge, die ſich
779 2528 2533 2665 praktiſch erweiſt und vielen Leuten Vorteil
786 2625 2553 2753 bringt, hat man auch dieſe zum Grundſatz er¬
779 2708 2519 2843 erhoben, hat ſich beeilt, dieſes herrliche Axiom in
779 2803 2560 2922 Sicherheit zu bringen und jeglicher Debatte zu
786 2893 2557 3017 entrücken. In Wirklichkeit aber ſollte die wahre
770 2978 2512 3084 Kunſtkritik gar nichts anderes ſein, als perſönlich,
786 3064 2564 3172 so gewiß, als ja auch jede wahre Kunſt etwas
786 3149 2562 3262 rein Perſönliches iſt und nur in perſönlichen
790 3242 2555 3345 Eigenſchaften des Charakters, des Gemüts und
779 3332 2517 3460 im perſönlichen Erleben ihre verborgenſten
774 3415 2557 3521 Quellen hat. Iſt einer tot, dann freilich ...,
770 3516 2548 3652 dann wirft die Kunſtkritik ſchleunigſt dieſen
783 3595 2551 3708 famoſen Grundſatz beiſeite und wird perſönlich.
774 3683 2553 3816 Aber dann iſt es meiſtens ſchon zu ſpät. Erſtens
770 3778 2548 3888 weil dann die Profeſſoren kommen (was immer
770 3863 2553 3994 ein Malheur iſt) und mit toten Dokumenten
770 3962 2546 4068 arbeiten. Und zweitens, weil dann die lebendigen
790 4048 2555 4178 Zeugen, die aus unmittelbarer Anſchauung pſycho¬
770 4133 2546 4268 logiſch Schöpfenden nicht mehr da ſind. Wie
763 4223 2542 4347 viel wichtige Zeitgeſchichte, wie viel räſsellöſen¬
774 4307 2557 4417 des, unſchätzbares Material geht ſo verloren. Wie
774 4410 2551 4502 aufklärend, wenn man von einem Dichter ſagen
774 4493 2551 4597 dürfte: er iſt ein enger, habſüchtiger, neidiſcher
763 4581 2535 4716 Menſch, voll Beſchränktheit und kleiner Laſter.
774 4669 2539 4802 Oder von einem anderen: er hat eine rein muſi¬
770 4759 2539 4896 kaliſch-formale Begabung, aber er iſt ſo grenzen¬
763 4854 2524 5011 los dumm, deshalb kann er euch nur ein paar
2598 1614 4336 1731 Verſe, aber nie eine Geſtalt oder ein Weltbild
2607 1709 4318 1810 geben. Oder von einem Schauſpieler: er iſt ver¬
2596 1792 4365 1932 logen, hinterliſtig und voll Tücke, deshalb ſpielt
2600 1889 4374 2015 er die Biedermänner mit der heißen verſchwie¬
2602 1983 4356 2080 genen Sehnſucht, für einen ehrlichen Kerl zu
2611 2076 4358 2199 gelten, ſo famos. Sein ganzes Spieltalent ent¬
2609 2159 4358 2292 ſpringt dem Wunſche, ſeinen Charakter zu ver¬
2596 2238 3507 2384 bergen, ſich zu verſtellen.
2668 2492 4349 2668 Gerhart Hauptmann iſt ſicher durch perſön¬
2544 2627 4313 2771 liche Erlebniſſe, durch Wandlungen und Ge¬
2596 2724 4325 2837 ſchehnisse perſönlichſter Art zu dieſem Stück
2553 2810 4316 2929 herabgeglitten. Und hat’s vielleicht deshalb
2551 2895 4316 3041 gerade nicht bemerkt, daß er herabglitt. Wollte
2591 3001 4347 3131 ich in dieſer wichtigen Angelegenheit, in der
2557 3068 4302 3197 wir dieſen plötzlichen Kräfteverfall unſeres
2551 3156 4309 3307 ſtärkſten Dramatikers betrachten, wollte ich dies¬
2548 3253 4302 3377 mal den lügneriſchen Grundſatz, an den ich ohne¬
2575 3334 4343 3467 hin nicht glaube, beiſeite laſſen, ich könnte nichts
2551 3424 4304 3550 Poſitives anführen, weil ich Hauptmann nicht
2539 3512 4300 3645 nahe genug ſtehe, um Einblick in ſein perſönliches
2544 3607 4302 3744 Walten, in ſeinen Charakter zu haben. Aber ich
2546 3692 4307 3847 bin felſenfeſt davon überzeugt, daß es irgend¬
2542 3789 4304 3910 wie mit ihm nicht in Ordnung iſt. Nicht mit
2546 3870 4309 4000 ſeinem Weſen, denn an dieſes, an dieſe adelige
2537 3960 4338 4118 Menſchlichkeit Hauptmanns glaube ich. Wohl
2546 4050 4300 4169 aber mit ſeinem Schickſal. Ein müder Mann?
2539 4151 4307 4264 Das Gerede von ſeiner Müdigkeit halte ich für
2535 4230 4302 4370 Unſinn. Wenn man fünfundvierzig Jahre alt
2548 4334 4331 4457 iſt, ſteht man in der Fülle der Kraft. Wo
2539 4403 4295 4536 hätte ſie Gerhart Hauptmann verbraucht? Er
2544 4514 4304 4635 hat ohne Amt, ohne Berufsarbeit ſeit zwanzig
2528 4597 4304 4728 Jahren nur ſeinem Schaffen gelebt. Auf dem
2530 4683 4298 4809 Lande, auf Reiſen. Von überall her Anregung
2530 4770 4302 4908 und Erfriſchung empfangend. Dafür ſind ſechzehn
2515 4872 4322 5002 Dramen keine Arbeit, die einen Mann umwirft
4397 1648 6123 1754 und ermüdet. Ein Jahr iſt lang, und wenn man
4399 1724 6153 1842 nichts anderes tut, kann einem produktiven
4356 1796 6117 1947 Menſchen in zwölf Monaten doch ein Stück ge¬
4367 1905 6119 2024 deihen. Fertig? Ach, ich weiß, es gibt ſo viele
4347 1990 6112 2123 ſchöne Seelen, die immer gern ſchreien: der iſt
4349 2089 6117 2224 fertig! Am liebſten hätten ſie, wenn alle ſchöpfe¬
4349 2195 6110 2312 riſchen Geiſter »fertig« wären. Hauptmann hat
4381 2254 6105 2404 ſo viele Gleiſe gelegt. »Die Weber«, »Hannele«,
4376 2341 6141 2494 »Florian Geyer« uſw., daß man nicht an¬
4367 2434 6153 2591 nehmen kann, er ſei fertig. Sicher iſt nur, daß
4367 2542 6155 2704 er diesmal entgleiſt iſt. Und das erſcheint mir
4340 2623 5009 2807 bedenklich genug.
4446 2803 6135 2951 Es gibt noch andere Bedenken. Das leere,
4361 2909 6144 3021 banale Vorwort, das er ſeinen geſammelten
4336 2994 6101 3125 Werken in dieſem Winter mitgab. Dann das
4363 3091 6112 3201 beängſtigend ſchlechte Deutſch, das man in ſeinen
4367 3172 6096 3309 kürzlich veröffentlichten Romanfragmenten be¬
4354 3271 6110 3379 merkte. Vielleicht muß man trotz all ſeiner hohen
4336 3357 6103 3476 Fähigkeit die Stellung, die er einnimmt, jetzt
4365 3442 6130 3566 revidieren. Er war ſo lange ein Wahrzeichen,
4352 3523 6137 3654 war mehr ein Begriff als eine Perſon. Haupt¬
4354 3622 6137 3733 mann. Da mußte man für ihn, für die Sache
4370 3710 6103 3845 ſein, die ſeinen Namen trug. In hoc signo ...
4358 3798 6135 3924 oder gegen ihn. Parteifahne. Er war der große
4363 3899 6132 4000 Sieg, der Anno 89 von den Modernen erfochten
4327 3969 6085 4097 wurde. Die Schlacht bei Hauptmann. Ein hiſto¬
4356 4070 6123 4201 riſcher Name. Königgrätz, Solferino, Magenta
4361 4165 6130 4286 ſind ja auch kleine Neſter. Und doch unſterblich.
4352 4250 6121 4358 Hauptmann iſt nicht klein. Aber die Schlacht bei
4325 4336 6090 4475 Hauptmann iſt am Ende größer geweſen, und
4347 4428 6123 4559 wichtiger. Und jetzt tritt er uns auf einmal
4352 4530 6121 4651 als er ſelbſt entgegen. Als ein talentvoller
4347 4606 6117 4750 Dichter, dem ein Luſtſpiel jämmerlich verdarb.
4347 4698 6119 4813 Das fromme Wort der unentwegt Andächtigen:
4352 4791 6078 4894 »O, Hauptmann, meine Zuversicht! ...« wird
4316 4876 6123 5054 allerdings für immer zunichte. Nehmt ihn,
6189 1675 7902 1792 wie er iſt: ein Dramatiker von Genie.
6144 1740 7924 1882 Ein Dichter von Intuition, dem aber der
6177 1839 7915 1986 feſte Halt eines tiefen künſtleriſchen In¬
6171 1929 7909 2058 tellekts manchmal verſagt iſt. Trifft er’s (von
6180 2015 7915 2152 ſelbſt), dann iſt’s herrlich. Trifft er’s nicht,
6173 2109 7909 2244 dann iſt es unrettbar. Und da er nirgendwo in
6175 2204 7913 2305 ſeiner Seele und in ſeinem Geiſt ehern iſt, da
6195 2296 7915 2425 ſeine Selbſterkenntnis nicht kalte Augen, ſein
6135 2382 7902 2517 Wille zur Selbſtentwicklung nicht ſtählerne
6146 2465 7902 2614 Muskeln hat, brach er uns endlich unter dem
6146 2573 7911 2674 Prunkgewand des Pontifex maximus zu¬
6168 2643 7893 2774 ſammen. Seine Romanfragmente, ſein Vorwort,
6175 2740 7918 2882 ſein Luſtſpiel ſind Symptome, zeigen einen kind¬
6128 2823 7913 2967 lichen Poeten, dem die artiſtiſche Bewußtheit
6137 2911 7911 3084 nicht gegeben ward. Nehmt ihn, wie er iſt. Und
6177 3001 6943 3170 ihr habt nicht wenig.
6231 3215 7909 3408 Daß er gerade bei einem Luſtſpiel die Partie
6166 3388 7904 3494 verlor, gerade hier ſo ganz ohne Trümpfe blieb,
6121 3458 7911 3595 iſt am Ende die wichtigſte Seite an der Sache.
6130 3546 7895 3665 Das deutſche Drama iſt ſeit dem Kampf, der
6130 3629 7897 3766 Anno 90 geführt wurde, befreut und erlöst. Das
6159 3724 7897 3865 deutſche Luſtſpiel iſt nicht vorwärts gekommen.
6126 3823 7891 3951 Seltſam, daß gerade der Mann, auf den ſich nach
6126 3922 7897 4032 der Biberpelz-Komödie alle Hoffnung richtete,
6155 4000 7888 4118 in ſeinem erſten wirklichen Bemühen ein Luſt¬
6117 4084 7873 4226 ſpiel liefert, bei dem man faſt verſucht wird,
6123 4181 7893 4318 Ludwig Fulda all die Herbheit abzubitten, mit
6114 4271 7897 4401 der man ſeine ſüßen Nichtigkeiten abwies. Wir
6153 4370 7877 4498 ſind im Luſtſpiel heute noch am ſelben Platz
6117 4444 7895 4588 wie 89, haben Blumenthal, Kadelburg, Schön¬
6114 4536 7897 4683 than noch nicht überwunden. Die Schlacht am
6105 4629 7891 4759 Biſchofsberg iſt verloren. Und das moderne
6112 4723 7573 4860 deutſche Luſtſpiel noch nicht geſchrieben.
7321 4827 7803 4984 Felix Salten.
