3403 5989
1652 1231 2568 1317 Wien, 7. Aug. 00.
572 1787 2708 1917 Lieber, haben Sie meinen Brief aus
496 1999 2888 2225 Pressbaum nicht bekommen? Ich muß
484 2279 2988 2489 nun heute Abend nach Karlsbad fahren,
460 2563 2828 2745 wodurch meine Ankunft in Ischl sich
444 2831 2952 3061 bis Sonntag verzögert. Nach Vorarlberg
448 3131 3036 3325 komme ich ganz gewiss. Bitte, theilen
436 3374 2743 3597 Sie mir nur immer mit, wo Sie
460 3635 2924 3841 sind. Wenn man so gegen 20. od.
420 3895 2928 4101 22. im Schruns wäre, das könnte
448 4143 2584 4353 gerade für mich recht sein.
480 4423 2988 4673 Vielleicht ist es möglich, darauf
460 4711 2976 4977 ein wenig Rücksicht zu nehmen.
