3333 5784
1824 941 2688 1208 Wien, 11. I. 05
373 1578 2925 1880 Lieber, jedenfalls will ich es versuchen, der Sandrock
347 1772 2866 2006 Ihren Brief begreiflich zu machen. Ich bin selbst nur
354 1951 2879 2149 Eingeladener, – was ich für nötig halte, zu betonen, da
367 2068 2925 2292 Frau v. Hervay sich heute bei mir, als bei dem »Veran¬
367 2201 2970 2405 stalter« der Sache bedankt hat, und ich deswegen ver¬
383 2334 2802 2545 muthe, die Sandrock habe Ihnen dasselbe gesagt.
364 2461 2879 2662 Ich versprach – wenn die Sache zu stande kommt, – zu
373 2597 2831 2798 lesen. Die Sandrock wollte dann, dass ich auch Sie
377 2714 2964 2944 dazu anwerbe, – ich habe es aber abgelehnt, bei Ihnen
380 2818 2918 3071 zu interveniren. Einmal, weil es meine Sache nicht ist,
377 2967 2824 3201 den Entrepreneur zu machen, und dann, weil ich mir
386 3064 2951 3340 ungefähr alles das gedacht habe, was Sie mir heute
383 3295 880 3464 schrieben.
403 3311 2863 3561 Charakteristisch ist nur, dass mir Frau Hervay heute
390 3483 2886 3733 von der Sandrock meldet, Sie hätten Ihre Mitwirkung
393 3607 2902 3831 absolut sicher zugesagt (!!) Ich will also versuchen,
406 3697 2951 3967 mit der Sandrock zu sprechen, weiß aber im Voraus,
474 3896 1224 4077 – es ist umsonst.
893 4022 2600 4266 Mit herzlichen Grüßen Ihr Salten
503 4486 2688 4746 Eben meldet sie es mir selbst. Echt Sandrock!
