6145 8170
567 1221 5036 1677 könnte ich auf Ihren Brief entgegnen: »Ich bin kein Schurke, Ty¬
578 1577 4826 1887 balt, ich sehe’ Du kennst mich nicht – somit Lebwohl.« Aber es
561 1764 4949 2109 zeigt sich, dass solche Milde übel angebracht ist und dass Ty¬
578 1981 4972 2290 balt bald darauf dennoch niedergeschlagen werden muss. Deshalb
590 2179 5124 2530 antworte ich Ihnen lieber gielch ausführlich und erspare das Leb¬
573 2401 2156 2740 wohl für den Schluss.
1285 2577 4826 2915 Man braucht Ihren Brief nur neben meine Hauptmann-¬
567 2787 5036 3114 Kritiken zu legen und Ihre ganze Taktik enthüllt sich im Augen¬
584 2991 5141 3289 blick. Auch für diejenigen, die es nicht wissen sollten, dass ich
596 3190 5060 3500 von Anfang an jedes Werk Hauptmanns mit Bewunderung aufgenommen
578 3394 5136 3710 habe. Auch für diejenigen, die es weder aus meinen Schriften noch
590 3581 5276 3926 aus meiner persönlichen Bekanntschaft zu wissen vermögen, dass ich
584 3815 5124 4090 mich nienals gefreut habe, wenn irgendwo einem arbeitenden Manne
602 4008 4937 4347 ein Werk misslang. Und dass solche Freude meinem ganzen Wesen
625 4283 1326 4522 fremd ist.
1297 4411 4914 4732 Für jeden Unbefangenen sprechen es meine Hauptmann-¬
590 4616 5095 4925 Kritiken ohne alle Unterstimmen aus, dass ich die »Jungfern vom
613 4838 5060 5106 Bischofsberg« für schlecht halte. Nur diese. Dass ich aus Haupt¬
613 5030 5025 5334 manns Prosa und aus eben diesem letzten Lustspiel den Eindruck
608 5223 5025 5545 empfing, er ermangle der Selbstkritik und der Fähigkeit des ar¬
619 5451 5001 5737 tistischen Arbeitens. Dass ich für das Misslingen dieses Lust¬
619 5632 5153 5942 spieles Ursachen suche, die mir ausserhalb von Hauptmanns Person
602 5831 5124 6146 zu liegen scheinen. Vor allem aber, dass ich über diesen Einzel¬
625 6041 4884 6351 fall hinaus an Hauptmanns dichterische Bedeutung glaube, und
602 6234 5153 6567 meine Leser auffordere, über diesen Einzelfall hinweg der Bedeu¬
613 6473 3821 6777 tung des ganzen Mannes eingedenkt zu bleiben.
1320 6631 5124 6958 Sie beschuldigen mich dagegen einer »schlecht verhehl¬
613 6865 5089 7192 ten Freude«. Dass heisst, Sie zögern keinen Augenblick es auszus¬
