3541 6446
1753 1315 2289 1688 Montag.
567 2170 3107 2292 Lieber, bin seit acht Tagen recht krank
499 2374 2831 2592 und zu Bett. Geschichte mit G. G.
511 2610 2887 2864 hat sich nur auf Nr 10 bezogen,
531 2830 2975 3100 die »Conservatoristin« wurde dazu
539 3034 3051 3327 erfunden. So wird man manch¬
519 3277 3007 3547 mal beunruhigt. Warum sind Sie
503 3497 2887 3815 noch auf der Suche? Sagten Sie
499 3717 2903 4051 mir nicht, Sie hätten in der
499 4013 2715 4315 Brühl schon fix gemietet?
503 4257 2879 4555 Hoffentlich bin ich in 8 Tagen
535 4593 2351 4803 wieder wol. Herzlichst Ihr
2455 4957 2835 5023 Salten
