2752 4187
86 946 2648 1130 Sie.« Oder Sie hätten mir sagen können: »es ist kein
77 1051 2628 1253 Rest davon mehr in mir!« Ich wollte weder ein Ver¬
86 1152 2640 1372 trauensvotum provoziren, noch Ihnen ein Miss¬
83 1233 2654 1483 trauen aussprechen, - ich wollte Klarheit in einer
68 1367 2657 1596 Sache, die mir so sehr am Herzen liegt, wie unsere
98 1463 2592 1716 Vorlesungen! Ich wollte nicht, mit dem leisesten
92 1561 2616 1832 Schatten einer Besorgnis nach dieser Richtung Ihr
86 1657 2616 1931 Werk hören. Dass ich solche Dinge aussprach, ist
77 1791 2502 2059 einfach ein Beweis subtiler Ehrlichkeit. Dass Sie
83 1893 2511 2164 mir darauf so antworten, legt auch mir die
104 2003 2568 2286 Frage vor, die Sie am Anfang Ihres großen Briefes
104 2176 1968 2400 aufwarfen, »ob es nicht besser sei, ec.«
116 2227 2651 2510 Ich will auf die so sehr heftigen und verletzenden Dinge,
101 2344 2678 2615 die Sie mir schreiben, nicht eingehen. Jetzt nicht. Vielleicht
107 2439 2583 2713 sprechen wir nach der Vorlesung über den Anspruch
104 2529 2651 2827 auf Erregung und Ungerechtigkeit, den Sie für sich
104 2627 2547 2943 selbst geltend machen, und den Sie mir nicht
128 2723 2640 3063 zubilligen wollen, über das hohe Niveau »absoluter
137 2854 2622 3182 Ehrlichkeit«, auf welchem ich unsere Beziehungen
128 2962 2610 3275 nicht hätte halten können, und auch darüber, dass
128 3066 2666 3382 von Ihrer Seite das Wort »Bruch« in dieser Angelegen¬
143 3177 2651 3487 heit fallen konnte. Lieber wäre es mir, und erwün¬
134 3290 2625 3591 schter freilich gewesen, wenn alles vorher zwischen
131 3413 2625 3720 uns ins Reine gekommen wäre. Aber offenbar können
143 3529 2514 3818 Briefe, die aus dem Temperament und nicht aus
173 3634 2577 3926 Vorbedacht geschrieben werden, eine Sache beider¬
164 3738 2556 4024 seits nur verwirren. Ich resümire: nie werde ich
