4934 6306
846 1229 4185 1600 im Zyklus am Münchner Residenztheater oft gespielt, habe
852 1537 4052 1781 ich neulich anlässlich ihrer 16. Aufführung im Schau¬
847 1729 4181 1986 spielhaus derselben Stadt bei total ausverkauftem Hause
834 1981 4051 2205 zu sehen Gelegenheit gehabt. »Die Frau mit dem Dolch«
838 2104 4131 2410 brachte mir erst kürzlich aus Schweden Tantiemen. »Die
842 2396 4118 2560 letzten Masken« wurden in England und in Italien gege¬
848 2557 4140 2793 ben und »Literatur« hat schon eine kleine Reise um die
820 2684 1657 3000 Welt gemacht.
1132 2842 3921 3192 Wenn Du es weiters als eine Lächerlichheit er¬
837 3086 3990 3336 klärst »gegen das öffentlich abgegebene Urteil eines
836 3270 3949 3577 Kritikers, das er genau und sachlich begründet habe,
830 3538 4201 3729 Aeusserungen ausspielen zu wollen, die er nach einer Vor¬
859 3747 4163 3989 lesung im Walde getan«, so dürfte ich Dir mit demselben
849 3890 4026 4124 Recht entgegnen, es sei lächerlich ein gedrucktes, für
839 4052 3972 4402 die Oeffentlichkeit bestimmtes Feuilleton gegen die
853 4250 4025 4587 rückhaltlos anerkennenden Worte auszuspielen, die man
873 4491 4132 4804 sechs Monate vorher als Freund zum Freunde gesprochen.
868 4709 4024 4978 Ob aber Aeusserungen in einem Walde oder in einem ge¬
868 4908 4165 5169 schlossenen Raum gefallen sind, das kann wohl für deren
861 5112 3931 5375 Wertung unter ernsthaften Leuten nicht in Betracht
875 5326 1327 5573 kommen.
1206 5427 4108 5744 Nun könnte Einer, der nur Deinen Brief und nicht
