3731 6596
2212 1803 3284 1877 Wien, 16. Mai 97
972 2435 3340 2517 Lieber Arthur, gestern Abend erfuhr ich
544 2607 3236 2677 durch Zufall Ihre jetzige Adresse und erklärte
548 2763 3240 2833 mir daraus, weshalb Sie mir wol bis heute nicht
540 2919 3328 2993 geantwortet haben. Offenbar haben Sie
544 3087 3360 3153 meinen Brief nicht erhalten, den ich Ihnen vor mehr als
552 3251 3288 3313 vierzehn Tagen schrieb. Ich kam Ende April
536 3403 3284 3477 aus Riva zurück und fand Ihre Karte und
544 3579 3256 3645 Ihren Brief. Darauf habe ich ziemlich aus¬
536 3743 3204 3817 führlich erwiedert und, da Sie es zu wünschen
532 3907 3300 3969 schienen, über mein Leben und meine Arbeiten ec.
548 4063 3360 4137 berichtet. Auf die Adresse schrieb ich nach Ihrer An¬
520 4223 3324 4301 gabe rue de la Bourse. Offenbar haben Sie dieses
504 4391 3220 4469 Schreiben nicht erhalten, und da ich hier mit
512 4547 3264 4621 Niemandem verkehre, habe ich erst gestern Abend
504 4715 3312 4789 Ihre neue Wohnung erfahren und glaube, Ihnen
512 4879 2740 4953 das zur Aufklärung sagen zu müßen.
2324 5051 2840 5121 Herzlich
2420 5231 2972 5305 Salten
