4934 6306
967 1371 4350 1683 sprächsweise zugeschriebene Aeusserung: »Du möchtest Dich
948 1635 4280 1846 erschiessen, weil Du so etwas nicht leisten könntest, in
975 1827 4102 2069 diesem Wortlaut nicht aufrecht zu erhalten vermagst;
969 2072 4289 2235 dass hier möglicherweise eine Erinnerungstäuschung mei¬
964 2208 4259 2420 nerseits vorliegt und Du Dich wirklich nicht – um Dein
967 2401 4436 2700 Wort zu gebrauchen – mit so »weibischem Schwulst« ausgedrückt
964 2613 4168 2869 hast – eine Bemerkung übrigens, durch die sich im wei¬
982 2833 4185 3084 testen Umkreis niemand getroffen fühlt. Es ist ferner
977 3011 4022 3254 festzustellen, dass Du tatsächlich schon nach jener
991 3222 4036 3512 Vorlesung im Walde (wie auch in unserem letzten Ge¬
1004 3424 4032 3628 spräch ausdrücklich vermerkt wurde) gewisse Einwen¬
995 3586 4084 3856 dungen erhoben hast; – sie richteten sich ausschliess¬
989 3775 4262 4045 lich gegen die »Literatur«, also gegen dasjenige Stück,
989 3972 4334 4253 das Du als einziges von den vieren nach der Aufführung
984 4207 4173 4451 hast gelten lassen. (»Die letzten Masken«, die Du erst
1003 4409 4049 4644 von der Bühne herab kennen lerntest, fallen aus dem
984 4604 4158 4861 Bereich dieser Erörterungen). »Lebendige Stunden« und
1007 4789 4280 5039 »Die Frau mit dem Dolch«, besonders letztere erkanntest
977 5012 4267 5289 Du nach jener Vorlesung im Walde rückhaltlos ja enthu¬
1007 5187 4328 5446 siastisch an und liessest sie fallen, sobald sie auf der
983 5434 4268 5715 Bühne erschienen waren. Deine Bemerkung, dass der geringe
989 5672 4197 5823 Erfolg der vier Stücke Dein in der Zeitung ausgespro¬
