3903 5794
516 1701 3391 1904 Lieber, wir haben gestern durch Julie Wassermann von Olga’s
455 1839 3406 2079 Erkrankung gehört und sind tief bestürzt darüber. Bei Ihrem
447 1984 3371 2198 Herrn Bruder, bei dem ich telefonisch anfragte, bekam ich
440 2110 3467 2347 eine relative Auskunft. Wir denken unausgesetzt an Sie Beide,
428 2232 3413 2511 wenn ich Ihnen jetzt, wo Sie so abgeschloſsen sind, igend
428 2378 3498 2657 etwas bringen, erledigen oder sonstwas helfen kann, würde
420 2527 3471 2798 ich es so sehr gerne thun. Und wir hoffen aufs Innigste,
443 2660 3444 2951 dass Sie sehr, sehr bald von aller Besorgnis um Olga
417 2794 3452 3100 aufs Beste befreit werden, dass alles gut abläuft, dass
432 2947 3394 3226 wir Sie alle recht bald gesund wiedersehen. Inzwischen
417 3115 3467 3425 werde ich mir erlauben, bei Ihrer Mutter u. bei Ihrem
428 3268 3352 3601 Bruder telefonisch anzufragen, denn wir möchten täglich
420 3452 3329 3769 wiſsen, wie es Olga geht und was Sie Beide machen.
1086 3662 3134 3895 Mit tausend herzlichsten Wünschen
1128 3731 3402 4067 guten Gedanken und Grüßen an Olga u. Sie
2775 3933 2932 4109 Ihr
2928 3972 3314 4224 Salten
554 4400 1036 4663 Dienstag.
