3908 6599
659 2098 3427 2168 Dir ab? (Ich habe sie zwei Monate nicht gesehen und nichts
643 2242 3463 2320 von ihr gehört) Fällst Du nicht tot vom Boden bei dem
627 2402 3427 2488 Gedanken mich bald wieder zu sehen?« ec. Schließlich
639 2566 3455 2640 läuft das Ganze auf die Bitte hinaus, ihre Triumphe
643 2730 3491 2804 in die Zeitung zu geben. - Der Bruder des Fräulein M. hat
639 2894 3359 2964 in Rußland anläßlich der Anwesenheit unseres Kaisers
627 3034 3459 3124 den Franz Josefs-Orden erhalten. Heute war er hier, im Smo¬
639 3222 3439 3288 king und schwarzer Binde, mit der Rosette im Knopfloch
647 3378 3435 3452 bei seiner Mutter zu Besuch. Gespräch: Thema: unsere
651 3542 3291 3620 Kaiserin. Ich: Sie lebt wunderschön, - so allein, von
663 3690 3395 3776 nichts bekümmert. Er: Sie könnte es noch schöner
643 3866 3463 3936 haben. Ich: Wieso denn? Er: Sie könnte Protektorin
659 4030 2951 4100 aller Wolhtätigkeitsvereine sein! (wörtlich.)
1051 4218 3415 4292 Ich weiß wieder nicht, ob dieser Brief
759 4370 3275 4440 Sie in Paris noch trifft. Wenn Sie ihn er¬
763 4530 3407 4608 halten, dann bitte zeigen Sie's mir, wenn
767 4674 2807 4752 auch nur auf einer Postkarte, an.
2051 4890 2943 4980 Herzlich Ihr
2959 5010 3343 5132 Salten
