<?xml version="1.0" encoding="UTF-8" standalone="yes"?>
<PcGts xmlns="http://schema.primaresearch.org/PAGE/gts/pagecontent/2013-07-15" xmlns:xsi="http://www.w3.org/2001/XMLSchema-instance" xsi:schemaLocation="http://schema.primaresearch.org/PAGE/gts/pagecontent/2013-07-15 http://schema.primaresearch.org/PAGE/gts/pagecontent/2013-07-15/pagecontent.xsd">
    <Metadata>
        <Creator>prov=READ-COOP:name=PyLaia@TranskribusPlatform:version=2.1.0:model_id=52788:lm=none:date=13_06_2023_09:06</Creator>
        <Created>2023-01-18T10:47:30.565+01:00</Created>
        <LastChange>2023-06-15T15:58:40.024+02:00</LastChange>
        <TranskribusMetadata docId="1297609" pageId="51645053" pageNr="95" tsid="127044680" status="IN_PROGRESS" userId="64420" imgUrl="https://files.transkribus.eu/Get?id=IOTQRHBUXOXZYKFTNZLJRARC&amp;fileType=view" xmlUrl="https://files.transkribus.eu/Get?id=MKWTJURDOJLSGHIWDGCFFEZX" imageId="42229487"/>
    </Metadata>
    <Page imageFilename="MS-SCHNITZLER-B-00089-B-00001-000-00053-R.tif" imageWidth="6145" imageHeight="8170">
        <ReadingOrder>
            <OrderedGroup id="ro_1698059082862" caption="Regions reading order">
                <RegionRefIndexed index="0" regionRef="TextRegion_1686549376296_861"/>
            </OrderedGroup>
        </ReadingOrder>
        <TextRegion id="TextRegion_1686549376296_861" custom="readingOrder {index:0;}">
            <Coords points="704,1538 3156,214 4769,214 5353,1538 5353,2462 5229,7199 628,7199 628,5799 676,2554"/>
            <TextLine id="tr_5_tl_1" custom="readingOrder {index:0;}">
                <Coords points="674,1651 884,1697 1081,1598 1186,1662 1366,1604 1691,1662 1837,1610 1918,1662 2005,1610 2104,1668 2249,1610 2302,1645 2592,1628 2813,1732 2912,1674 3034,1750 3185,1639 3319,1645 3406,1703 3476,1668 3621,1691 3679,1639 4144,1761 4348,1662 4592,1651 4638,1691 4836,1668 4952,1738 5057,1709 5144,1755 5295,1726 5295,1412 5185,1395 5028,1482 4691,1407 4580,1476 4418,1453 4290,1534 3900,1424 3825,1471 3714,1430 3639,1500 3534,1511 3197,1453 3098,1517 2976,1517 2935,1476 2744,1488 2604,1430 2342,1505 2063,1412 1953,1465 1720,1372 1534,1447 1412,1447 1337,1389 1139,1494 1075,1465 959,1511 668,1389"/>
                <Baseline points="708,1588 768,1588 828,1588 888,1592 948,1592 1008,1588 1068,1588 1128,1592 1188,1592 1248,1592 1308,1596 1368,1596 1428,1600 1488,1600 1548,1604 1608,1604 1668,1604 1728,1604 1788,1604 1848,1608 1908,1608 1968,1604 2028,1608 2088,1608 2148,1608 2208,1608 2268,1608 2328,1608 2388,1608 2448,1608 2508,1612 2568,1612 2628,1616 2688,1620 2748,1620 2808,1616 2868,1620 2928,1616 2988,1620 3048,1620 3108,1624 3168,1624 3228,1624 3288,1624 3348,1624 3408,1628 3468,1624 3528,1624 3588,1628 3648,1628 3708,1632 3768,1632 3828,1632 3888,1632 3948,1636 4008,1640 4068,1636 4129,1640 4189,1640 4249,1640 4309,1640 4369,1636 4429,1640 4489,1640 4549,1644 4609,1644 4669,1644 4729,1648 4789,1648 4849,1648 4909,1648 4969,1648 5029,1648 5089,1648 5149,1648 5209,1652 5269,1652 5309,1652"/>
                <TextEquiv>
                    <Unicode>Hier brechen Sie mit Vorbedacht und mit Hohn in die Intimität mei¬</Unicode>
                </TextEquiv>
            </TextLine>
            <TextLine id="tr_5_tl_2" custom="readingOrder {index:1;}">
                <Coords points="674,1790 808,1860 1006,1790 1192,1866 1517,1819 1802,1912 1912,1912 2052,1814 2127,1860 2249,1843 2342,1906 2453,1837 2912,1860 2959,1825 3255,1889 3313,1843 3418,1930 3615,1877 3889,1936 3947,1877 4104,1848 4272,1918 4493,1854 4545,1889 4941,1854 4993,1895 5045,1860 5237,1895 5318,1866 5318,1738 5150,1755 5051,1703 4958,1738 4592,1645 4493,1662 4383,1767 4232,1709 4150,1750 3865,1691 3627,1761 3482,1674 3336,1726 3168,1680 3040,1744 2953,1691 2900,1738 2668,1680 2482,1720 2372,1639 2255,1726 2174,1686 2029,1750 1877,1668 1750,1686 1657,1639 1476,1732 1133,1616 959,1726 756,1645 668,1691"/>
                <Baseline points="708,1784 764,1792 824,1792 884,1796 944,1792 1004,1792 1064,1796 1124,1796 1184,1800 1244,1796 1304,1800 1364,1800 1424,1800 1484,1804 1544,1808 1604,1804 1664,1804 1724,1808 1784,1808 1844,1808 1904,1812 1964,1812 2024,1812 2084,1812 2144,1812 2204,1812 2264,1812 2324,1812 2384,1812 2444,1816 2504,1816 2564,1820 2624,1820 2684,1820 2744,1820 2804,1820 2864,1820 2924,1824 2984,1828 3044,1828 3104,1828 3164,1828 3224,1828 3284,1828 3344,1832 3404,1824 3464,1828 3524,1832 3584,1836 3644,1832 3704,1832 3764,1836 3824,1836 3884,1840 3944,1840 4004,1844 4064,1844 4125,1848 4185,1848 4245,1848 4305,1848 4365,1848 4425,1844 4485,1848 4545,1848 4605,1852 4665,1852 4725,1852 4785,1852 4845,1852 4905,1848 4965,1852 5025,1856 5085,1856 5145,1856 5205,1856 5265,1852 5325,1852"/>
                <TextEquiv>
                    <Unicode>nes Wesens ein, um mich desto sicherer zu verletzen. Dieser dreis¬</Unicode>
                </TextEquiv>
            </TextLine>
            <TextLine id="tr_5_tl_3" custom="readingOrder {index:2;}">
                <Coords points="686,2034 1058,2122 1337,2034 1511,2116 1558,2075 1709,2122 1761,2081 2151,2110 2348,2034 2511,2116 2744,2063 3145,2116 3255,2063 3400,2127 3569,2098 3714,2133 3970,2052 4138,2139 4342,2098 4458,2133 4551,2081 4882,2162 5010,2069 5196,2133 5289,2098 5289,1965 4952,1866 4801,1941 4720,1912 4621,1982 4534,1906 4377,1953 4150,1854 4005,1953 3458,1924 3272,1866 3057,1936 2941,1901 2866,1930 2645,1843 2470,1924 2244,1848 2034,1866 1959,1918 1726,1866 1261,1901 1099,1831 901,1895 680,1854"/>
                <Baseline points="716,1988 776,1992 836,1996 896,1996 956,1996 1016,2000 1076,2004 1136,2008 1196,2004 1256,2004 1316,2000 1376,2004 1436,2004 1496,2004 1556,2008 1616,2012 1676,2012 1736,2012 1796,2016 1856,2008 1916,2012 1976,2012 2036,2016 2096,2016 2156,2020 2216,2020 2276,2020 2336,2020 2396,2024 2456,2024 2516,2020 2576,2024 2636,2024 2696,2024 2756,2024 2816,2024 2876,2024 2936,2028 2996,2028 3056,2028 3116,2028 3176,2032 3236,2028 3296,2032 3356,2028 3416,2032 3476,2032 3536,2032 3596,2036 3656,2036 3716,2040 3776,2040 3836,2040 3896,2044 3956,2044 4016,2044 4076,2044 4137,2044 4197,2044 4257,2048 4317,2044 4377,2044 4437,2048 4497,2052 4557,2052 4617,2048 4677,2052 4737,2052 4797,2052 4857,2056 4917,2052 4977,2052 5037,2056 5097,2056 5157,2056 5217,2052 5277,2040 5301,2040"/>
                <TextEquiv>
                    <Unicode>te Griff an die gelstigen Schamteile und Zeugungsorgane eines an¬</Unicode>
                </TextEquiv>
            </TextLine>
            <TextLine id="tr_5_tl_4" custom="readingOrder {index:3;} supplied {offset:66; length:1;}">
                <Coords points="674,2261 936,2296 1075,2209 1337,2278 1628,2226 1674,2261 1715,2220 1819,2261 1994,2226 2058,2273 2156,2226 2592,2278 2674,2238 2854,2331 2964,2290 3092,2313 3156,2267 3569,2342 3883,2273 4098,2261 4266,2308 4580,2255 4714,2360 4882,2261 4952,2308 5115,2273 5295,2360 5336,2354 5336,2110 5196,2162 4952,2116 4888,2156 4557,2122 4452,2168 4348,2098 4185,2162 3958,2052 3813,2139 3674,2122 3610,2180 3255,2069 2982,2122 2924,2075 2627,2122 2534,2092 2470,2162 2389,2168 2261,2098 1947,2058 1709,2122 1325,2052 1064,2122 994,2075 947,2110 767,2029 668,2034"/>
                <Baseline points="704,2192 764,2196 824,2196 884,2196 944,2196 1004,2200 1064,2200 1124,2204 1184,2204 1244,2204 1304,2200 1364,2204 1424,2208 1484,2208 1544,2208 1604,2212 1664,2212 1724,2216 1784,2216 1844,2216 1904,2216 1964,2220 2024,2220 2084,2224 2144,2220 2204,2224 2264,2224 2324,2228 2384,2232 2444,2228 2504,2228 2564,2232 2624,2228 2684,2228 2744,2228 2804,2228 2864,2228 2924,2228 2984,2232 3044,2232 3104,2232 3164,2232 3224,2232 3284,2232 3344,2236 3404,2240 3464,2240 3524,2240 3584,2236 3644,2240 3704,2244 3764,2248 3824,2248 3884,2248 3944,2248 4004,2248 4064,2248 4125,2252 4185,2248 4245,2248 4305,2252 4365,2252 4425,2256 4485,2256 4545,2252 4605,2256 4665,2260 4725,2260 4785,2264 4845,2260 4905,2260 4965,2264 5025,2264 5085,2260 5145,2260 5205,2264 5265,2260 5325,2256 5353,2252"/>
                <TextEquiv>
                    <Unicode>dern ist so widerwärtig, so durch nichts entschuldbar, dass ich ihn</Unicode>
                </TextEquiv>
            </TextLine>
            <TextLine id="tr_5_tl_5" custom="readingOrder {index:4;}">
                <Coords points="674,2488 750,2523 901,2453 947,2494 1087,2424 1511,2494 1546,2459 1662,2523 1726,2476 2069,2424 2162,2476 2325,2430 2424,2494 2581,2476 2744,2523 2871,2459 3040,2447 3127,2505 3191,2464 3307,2517 3511,2447 3679,2511 3842,2459 3999,2511 4156,2464 4156,2360 4104,2348 3871,2366 3708,2302 3534,2342 3441,2284 3400,2325 3203,2261 3086,2319 2854,2331 2796,2284 2709,2319 2430,2238 2174,2337 1994,2226 1814,2261 1628,2226 1505,2278 1453,2244 1337,2278 1273,2232 1122,2308 1006,2261 796,2308 674,2267"/>
                <Baseline points="708,2392 768,2404 828,2400 888,2400 948,2404 1008,2400 1068,2404 1128,2408 1188,2408 1248,2408 1308,2408 1368,2408 1428,2408 1488,2412 1548,2412 1608,2416 1668,2416 1728,2416 1788,2416 1848,2416 1908,2416 1968,2416 2028,2420 2088,2420 2148,2420 2208,2424 2268,2424 2328,2424 2388,2424 2448,2428 2508,2428 2568,2428 2628,2428 2688,2428 2748,2428 2808,2424 2868,2428 2928,2432 2988,2436 3048,2436 3108,2436 3168,2436 3228,2436 3288,2436 3348,2436 3408,2440 3468,2436 3528,2436 3588,2440 3648,2440 3708,2440 3768,2444 3828,2444 3888,2448 3948,2448 4008,2448 4068,2452 4129,2452 4173,2452"/>
                <TextEquiv>
                    <Unicode>hier nur feststelle und weiter nichts drauf sage.</Unicode>
                </TextEquiv>
            </TextLine>
            <TextLine id="tr_1_tl_1" custom="readingOrder {index:5;}">
                <Coords points="1383,2645 1691,2639 1750,2680 1866,2621 2261,2691 2511,2645 2802,2697 2918,2645 3127,2650 3203,2685 3336,2662 3458,2744 3656,2680 3766,2732 3836,2685 3923,2726 4214,2662 4324,2691 4359,2656 4423,2703 4714,2662 4842,2732 4888,2703 5010,2790 5196,2691 5289,2720 5289,2552 4888,2470 4708,2540 4598,2505 4458,2534 4278,2476 4121,2528 3842,2464 3662,2528 3528,2453 3307,2517 3214,2464 3086,2534 3046,2499 2703,2523 2581,2470 2383,2488 2331,2435 2162,2476 1901,2447 1732,2470 1668,2523 1383,2499"/>
                <Baseline points="1418,2604 1480,2608 1540,2612 1600,2612 1660,2612 1720,2612 1780,2616 1840,2620 1900,2620 1960,2624 2020,2620 2080,2624 2140,2620 2200,2624 2260,2624 2320,2628 2380,2628 2440,2628 2500,2628 2560,2624 2620,2628 2680,2632 2740,2632 2800,2632 2860,2628 2920,2632 2980,2636 3040,2636 3100,2640 3160,2640 3220,2636 3280,2636 3340,2640 3400,2640 3460,2640 3520,2644 3580,2640 3640,2644 3700,2644 3760,2644 3820,2648 3880,2652 3940,2648 4000,2652 4060,2652 4121,2652 4181,2656 4241,2656 4301,2656 4361,2660 4421,2656 4481,2660 4541,2660 4601,2660 4661,2664 4721,2664 4781,2664 4841,2664 4901,2664 4961,2664 5021,2664 5081,2668 5141,2668 5201,2668 5261,2668 5301,2668"/>
                <TextEquiv>
                    <Unicode>Ihr ganzer Brief ist lediglich eine Spekulation auf mei¬</Unicode>
                </TextEquiv>
            </TextLine>
            <TextLine id="tr_1_tl_2" custom="readingOrder {index:6;}">
                <Coords points="668,2813 790,2871 895,2819 976,2854 1145,2819 1325,2871 1389,2836 1581,2871 1674,2825 1872,2941 2203,2935 2255,2895 2313,2930 2366,2883 2540,2895 2616,2836 3028,2906 3389,2848 3458,2895 3627,2900 3685,2860 3813,2877 3877,2935 4290,2889 4551,2982 4772,2877 4993,2883 5115,2947 5196,2906 5196,2761 4795,2720 4574,2773 4418,2714 4197,2744 4063,2685 3929,2726 3836,2685 3761,2738 3662,2685 3551,2697 3470,2755 3383,2697 3208,2755 2930,2645 2866,2691 2499,2650 2372,2726 2203,2749 1959,2639 1523,2714 1389,2633 1273,2697 1110,2639 907,2674 808,2592 663,2575"/>
                <Baseline points="700,2804 760,2804 820,2804 880,2804 940,2804 1000,2808 1060,2812 1120,2812 1180,2812 1240,2812 1300,2816 1360,2820 1420,2816 1480,2816 1540,2820 1600,2820 1660,2824 1720,2820 1780,2824 1840,2824 1900,2820 1960,2824 2020,2824 2080,2824 2140,2824 2200,2824 2260,2828 2320,2828 2380,2828 2440,2828 2500,2828 2560,2832 2620,2836 2680,2832 2740,2836 2800,2836 2860,2836 2920,2840 2980,2836 3040,2836 3100,2840 3160,2840 3220,2844 3280,2844 3340,2848 3400,2844 3460,2840 3520,2844 3580,2848 3640,2848 3700,2848 3760,2848 3820,2856 3880,2856 3940,2856 4000,2856 4060,2860 4121,2860 4181,2860 4241,2864 4301,2864 4361,2864 4421,2864 4481,2868 4541,2864 4601,2868 4661,2868 4721,2868 4781,2868 4841,2868 4901,2868 4961,2872 5021,2872 5081,2876 5141,2876 5201,2876 5209,2872"/>
                <TextEquiv>
                    <Unicode>ne Gutmütigkeit. Hätten Sie mich nicht für so gutmutig gehalten,</Unicode>
                </TextEquiv>
            </TextLine>
            <TextLine id="tr_1_tl_3" custom="readingOrder {index:7;}">
                <Coords points="674,3069 854,3022 959,3069 1064,3028 1226,3075 1331,3011 1453,3086 1564,3034 1819,3092 2087,3034 2238,3092 2610,3057 2720,3127 2924,3069 3168,3156 3365,3052 3441,3104 3551,3081 3743,3179 3952,3075 4162,3116 4330,3069 4510,3150 4586,3092 4923,3139 5005,3086 5185,3110 5278,3069 5278,2930 5173,2906 5074,2970 4656,2930 4510,2988 4423,2941 4301,2964 4202,2895 4057,2941 3982,2906 3877,2935 3813,2889 3743,2941 3307,2848 3179,2906 3127,2871 2889,2889 2610,2988 2482,2889 2342,2953 1715,2900 1482,2906 1436,2947 1366,2889 1174,2900 1087,2836 878,2935 674,2813"/>
                <Baseline points="708,3000 768,3004 828,3008 888,3008 948,3012 1008,3012 1068,3012 1128,3012 1188,3016 1248,3016 1308,3012 1368,3012 1428,3016 1488,3016 1548,3020 1608,3024 1668,3020 1728,3024 1788,3024 1848,3024 1908,3024 1968,3024 2028,3024 2088,3028 2148,3028 2208,3028 2268,3032 2328,3032 2388,3032 2448,3036 2508,3040 2568,3036 2628,3036 2688,3040 2748,3044 2808,3044 2868,3044 2928,3044 2988,3040 3048,3044 3108,3048 3168,3048 3228,3048 3288,3044 3348,3048 3408,3052 3468,3052 3528,3052 3588,3052 3648,3056 3708,3052 3768,3052 3828,3052 3888,3060 3948,3060 4008,3060 4068,3060 4129,3060 4189,3064 4249,3064 4309,3068 4369,3064 4429,3068 4489,3068 4549,3068 4609,3068 4669,3072 4729,3072 4789,3072 4849,3072 4909,3068 4969,3072 5029,3072 5089,3068 5149,3072 5209,3068 5269,3068 5293,3064"/>
                <TextEquiv>
                    <Unicode>Sie hätten es nie versucht, mich mit dieser wohlfeilen Literaten-¬</Unicode>
                </TextEquiv>
            </TextLine>
            <TextLine id="tr_1_tl_4" custom="readingOrder {index:8;}">
                <Coords points="645,3232 1075,3331 1192,3272 1314,3336 1407,3284 1662,3278 1709,3232 1901,3272 1988,3238 2342,3278 2424,3249 2418,3127 2087,3034 1720,3127 1564,3034 1267,3110 1081,3040 843,3116 639,3104"/>
                <Baseline points="680,3204 740,3208 800,3212 860,3212 920,3216 980,3220 1040,3216 1100,3220 1160,3220 1220,3220 1280,3220 1340,3220 1400,3220 1460,3220 1520,3220 1580,3224 1640,3228 1700,3228 1760,3228 1820,3228 1880,3232 1940,3228 2000,3228 2060,3232 2120,3232 2180,3232 2240,3236 2300,3236 2360,3236 2420,3240 2436,3236"/>
                <TextEquiv>
                    <Unicode>Psychologie zu dupieren.</Unicode>
                </TextEquiv>
            </TextLine>
            <TextLine id="tr_1_tl_5" custom="readingOrder {index:9;}">
                <Coords points="1378,3464 1534,3476 1581,3435 1854,3476 1947,3441 2127,3517 2441,3534 2528,3499 2627,3528 2709,3476 2906,3528 2953,3476 3092,3517 3238,3470 3307,3522 3453,3464 3737,3511 3877,3476 3929,3517 4214,3482 4365,3522 4714,3482 5295,3499 5295,3296 5028,3348 4877,3307 4691,3418 4354,3296 3906,3377 3662,3331 3424,3365 3214,3290 3057,3354 2691,3261 2546,3290 2034,3232 1906,3267 1709,3232 1482,3313 1378,3284"/>
                <Baseline points="1412,3416 1472,3424 1532,3424 1592,3424 1652,3424 1712,3428 1772,3428 1832,3428 1892,3432 1952,3432 2012,3432 2072,3432 2132,3436 2192,3436 2252,3436 2312,3436 2372,3440 2432,3444 2492,3444 2552,3440 2612,3444 2672,3444 2732,3448 2792,3444 2852,3444 2912,3448 2972,3452 3032,3452 3092,3452 3152,3452 3212,3452 3272,3456 3332,3456 3392,3460 3452,3460 3512,3460 3572,3464 3632,3464 3692,3464 3752,3468 3812,3468 3872,3468 3932,3468 3992,3468 4052,3468 4113,3468 4173,3472 4233,3472 4293,3476 4353,3472 4413,3476 4473,3476 4533,3476 4593,3480 4653,3480 4713,3476 4773,3476 4833,3480 4893,3480 4953,3484 5013,3484 5073,3480 5133,3484 5193,3484 5253,3488 5301,3484"/>
                <TextEquiv>
                    <Unicode>Sie haben irgend ein dumpfes Gefühl gegen mich, das ich</Unicode>
                </TextEquiv>
            </TextLine>
            <TextLine id="tr_1_tl_6" custom="readingOrder {index:10;}">
                <Coords points="668,3708 1052,3627 1314,3685 1383,3639 1465,3674 1651,3627 2069,3697 2331,3650 2430,3714 2784,3650 3022,3674 3092,3726 3424,3674 3592,3743 3668,3674 3976,3720 4301,3674 4418,3749 4627,3679 4929,3801 5289,3772 5284,3569 5121,3551 4993,3598 4917,3546 4766,3575 4540,3499 4313,3610 4197,3540 3952,3580 3836,3488 3575,3551 3150,3476 3028,3540 2854,3499 2342,3534 2203,3488 2110,3534 1593,3441 1395,3505 668,3505"/>
                <Baseline points="700,3608 760,3616 820,3616 880,3616 940,3620 1000,3620 1060,3620 1120,3620 1180,3624 1240,3624 1300,3628 1360,3628 1420,3628 1480,3632 1540,3632 1600,3632 1660,3632 1720,3632 1780,3632 1840,3632 1900,3632 1960,3636 2020,3636 2080,3636 2140,3636 2200,3640 2260,3640 2320,3640 2380,3640 2440,3644 2500,3644 2560,3644 2620,3648 2680,3648 2740,3648 2800,3652 2860,3652 2920,3652 2980,3652 3040,3652 3100,3652 3160,3652 3220,3656 3280,3656 3340,3656 3400,3656 3460,3660 3520,3660 3580,3660 3640,3664 3700,3664 3760,3664 3820,3668 3880,3668 3940,3668 4000,3668 4060,3668 4121,3672 4181,3672 4241,3672 4301,3672 4361,3676 4421,3680 4481,3672 4541,3676 4601,3676 4661,3680 4721,3684 4781,3680 4841,3680 4901,3684 4961,3688 5021,3684 5081,3688 5141,3688 5201,3688 5261,3688 5297,3688"/>
                <TextEquiv>
                    <Unicode>bel Ihren Jahren und in Ihrem Zustande schliesslich begreife, und</Unicode>
                </TextEquiv>
            </TextLine>
            <TextLine id="tr_1_tl_7" custom="readingOrder {index:11;}">
                <Coords points="651,3894 831,3941 1040,3906 1157,3836 1348,3918 1604,3836 2087,3854 2203,3900 2337,3854 2459,3952 2650,3848 2831,3900 3069,3860 3319,3929 3429,3871 3621,3918 3703,3871 3772,3929 4057,3871 4255,3947 4470,3935 4598,3993 4824,3894 5074,3952 5266,3906 5266,3790 5196,3749 4923,3801 4633,3685 4493,3755 4330,3703 4028,3813 3865,3755 3685,3761 3633,3714 3528,3772 3476,3732 3185,3772 3075,3708 2784,3761 2278,3650 1936,3755 1645,3674 1424,3714 1354,3656 1308,3685 1157,3633 849,3737 761,3691 651,3703"/>
                <Baseline points="684,3804 740,3816 800,3816 860,3820 920,3820 980,3824 1040,3824 1100,3824 1160,3824 1220,3824 1280,3824 1340,3828 1400,3828 1460,3832 1520,3832 1580,3836 1640,3836 1700,3836 1760,3836 1820,3840 1880,3840 1940,3840 2000,3840 2060,3840 2120,3840 2180,3844 2240,3844 2300,3844 2360,3844 2420,3844 2480,3848 2540,3848 2600,3852 2660,3852 2720,3856 2780,3852 2840,3856 2900,3852 2960,3852 3020,3852 3080,3856 3140,3856 3200,3856 3260,3860 3320,3860 3380,3860 3440,3864 3500,3868 3560,3868 3620,3868 3680,3868 3740,3868 3800,3872 3860,3872 3920,3872 3980,3872 4040,3872 4101,3872 4161,3876 4221,3876 4281,3876 4341,3876 4401,3876 4461,3880 4521,3880 4581,3884 4641,3884 4701,3884 4761,3888 4821,3888 4881,3888 4941,3888 5001,3888 5061,3888 5121,3892 5181,3892 5241,3888 5281,3892"/>
                <TextEquiv>
                    <Unicode>das ich bezeichnen könnte, wenn ich wollte. Die absolute Wahrheit</Unicode>
                </TextEquiv>
            </TextLine>
            <TextLine id="tr_1_tl_8" custom="readingOrder {index:12;}">
                <Coords points="645,4046 913,4075 1035,4028 1203,4080 1581,4046 1645,4086 1755,4046 1877,4092 2110,4046 2203,4098 2377,4046 2546,4109 2773,4069 2900,4121 2964,4086 3185,4127 3389,4075 3697,4127 3790,4075 4115,4092 4162,4138 4243,4098 4580,4133 4731,4092 4842,4144 4987,4109 4987,3947 4714,3918 4580,3999 4470,3935 4261,3947 4051,3865 3778,3929 3703,3871 3610,3947 3412,3889 3232,3906 3162,3976 2999,3923 2941,3964 2761,3894 2639,3952 2395,3912 2290,3941 2127,3860 1877,3947 1738,3894 1575,3929 1494,3877 1279,3912 1197,3865 831,3941 727,3883 639,3906"/>
                <Baseline points="676,4016 736,4020 796,4020 856,4020 916,4020 976,4020 1036,4024 1096,4020 1156,4024 1216,4028 1276,4028 1336,4032 1396,4036 1456,4032 1516,4036 1576,4036 1636,4036 1696,4036 1756,4036 1816,4036 1876,4036 1936,4040 1996,4036 2056,4040 2116,4040 2176,4044 2236,4044 2296,4044 2356,4044 2416,4048 2476,4048 2536,4048 2596,4048 2656,4052 2716,4056 2776,4056 2836,4056 2896,4056 2956,4056 3016,4056 3076,4060 3136,4060 3196,4064 3256,4064 3316,4068 3376,4068 3436,4064 3496,4068 3556,4068 3616,4072 3676,4072 3736,4076 3796,4072 3856,4076 3916,4076 3976,4076 4036,4076 4097,4076 4157,4076 4217,4080 4277,4076 4337,4076 4397,4080 4457,4080 4517,4080 4577,4085 4637,4085 4697,4085 4757,4080 4817,4085 4877,4089 4937,4089 4997,4089 5001,4089"/>
                <TextEquiv>
                    <Unicode>meiner Hauptmann-Kritiken reizt gewisse Empfindlichkeiten und</Unicode>
                </TextEquiv>
            </TextLine>
            <TextLine id="tr_1_tl_9" custom="readingOrder {index:13;}">
                <Coords points="651,4237 843,4272 889,4243 1075,4359 1488,4243 1628,4290 1773,4249 1872,4290 2098,4284 2337,4365 2424,4313 2639,4342 2790,4266 2930,4336 3179,4284 3278,4330 3488,4278 3749,4383 3999,4295 4168,4342 4266,4284 4685,4394 4749,4377 4749,4150 4609,4104 4510,4133 4249,4086 4168,4138 3778,4075 3703,4133 3453,4075 3191,4121 2993,4080 2895,4121 2767,4063 2604,4104 2540,4063 2168,4086 2075,4046 1901,4098 1761,4040 1523,4138 1401,4057 1203,4080 1093,4028 1029,4080 808,4034 645,4069"/>
                <Baseline points="684,4229 744,4225 804,4225 864,4233 924,4233 984,4229 1044,4229 1104,4229 1164,4229 1224,4233 1284,4233 1344,4237 1404,4233 1464,4237 1524,4237 1584,4237 1644,4237 1704,4237 1764,4237 1824,4241 1884,4241 1944,4245 2004,4245 2064,4245 2124,4249 2184,4253 2244,4249 2304,4249 2364,4249 2424,4253 2484,4253 2544,4257 2604,4253 2664,4253 2724,4253 2784,4257 2844,4257 2904,4261 2964,4265 3024,4265 3084,4265 3144,4261 3204,4265 3264,4265 3324,4265 3384,4269 3444,4269 3504,4269 3564,4269 3624,4273 3684,4273 3744,4277 3804,4277 3864,4277 3924,4277 3984,4277 4044,4277 4105,4277 4165,4281 4225,4281 4285,4281 4345,4285 4405,4285 4465,4285 4525,4285 4585,4285 4645,4285 4705,4289 4761,4289"/>
                <TextEquiv>
                    <Unicode>Instinkte in Ihnen, die ich gleichfalls bezeichnen könnte.</Unicode>
                </TextEquiv>
            </TextLine>
            <TextLine id="tr_4_tl_1" custom="readingOrder {index:14;}">
                <Coords points="1354,4540 1442,4505 1744,4569 2011,4510 2075,4545 2284,4452 2441,4499 2714,4464 3040,4516 3394,4470 3726,4510 3801,4470 4034,4569 4278,4510 4388,4592 4685,4499 4824,4586 4976,4604 5045,4580 5039,4365 4830,4324 4679,4394 4510,4330 4423,4383 4301,4307 4243,4342 4011,4290 3877,4365 3726,4319 3569,4388 3400,4301 3278,4330 3179,4284 2988,4336 2802,4266 2738,4319 2499,4342 2081,4295 1965,4348 1662,4319 1534,4359 1436,4319 1348,4365"/>
                <Baseline points="1380,4433 1440,4433 1500,4433 1560,4433 1620,4437 1680,4433 1740,4437 1800,4441 1860,4441 1920,4441 1980,4441 2040,4441 2100,4445 2160,4449 2220,4449 2280,4449 2340,4453 2400,4453 2460,4449 2520,4449 2580,4457 2640,4457 2700,4457 2760,4457 2820,4457 2880,4461 2940,4457 3000,4461 3060,4465 3120,4465 3180,4465 3240,4465 3300,4465 3360,4469 3420,4469 3480,4469 3540,4473 3600,4473 3660,4477 3720,4473 3780,4469 3840,4473 3900,4473 3960,4477 4020,4477 4080,4477 4141,4485 4201,4485 4261,4481 4321,4485 4381,4485 4441,4485 4501,4489 4561,4493 4621,4493 4681,4493 4741,4489 4801,4489 4861,4489 4921,4493 4981,4497 5041,4497 5061,4489"/>
                <TextEquiv>
                    <Unicode>Aber Sie schweigen. Trotzdem unser Umgang Ihnen jede</Unicode>
                </TextEquiv>
            </TextLine>
            <TextLine id="tr_4_tl_2" custom="readingOrder {index:15;}">
                <Coords points="651,4708 884,4638 1029,4685 1250,4633 1465,4691 1854,4662 1976,4708 2098,4662 2180,4708 2342,4662 2395,4714 2499,4679 2749,4731 2900,4696 2970,4755 3081,4685 3197,4720 3261,4679 3307,4720 3360,4673 3424,4714 3493,4673 3877,4749 4104,4691 4266,4790 4377,4760 4476,4813 4650,4731 4941,4790 5057,4720 5249,4731 5243,4545 4830,4627 4633,4534 4284,4580 4185,4534 3987,4604 3755,4540 3406,4592 3307,4516 3017,4598 2674,4481 2180,4563 2017,4510 1936,4551 1517,4545 1250,4452 976,4510 913,4470 854,4522 645,4470"/>
                <Baseline points="680,4625 740,4625 800,4629 860,4629 920,4629 980,4633 1040,4633 1100,4633 1160,4633 1220,4633 1280,4637 1340,4637 1400,4637 1460,4641 1520,4641 1580,4641 1640,4645 1700,4645 1760,4649 1820,4649 1880,4649 1940,4653 2000,4653 2060,4653 2120,4649 2180,4653 2240,4653 2300,4653 2360,4657 2420,4657 2480,4657 2540,4657 2600,4661 2660,4661 2720,4661 2780,4661 2840,4661 2900,4665 2960,4665 3020,4665 3080,4665 3140,4669 3200,4673 3260,4673 3320,4677 3380,4673 3440,4673 3500,4673 3560,4677 3620,4677 3680,4677 3740,4681 3800,4677 3860,4681 3920,4681 3980,4685 4040,4685 4101,4685 4161,4685 4221,4685 4281,4685 4341,4685 4401,4685 4461,4689 4521,4689 4581,4693 4641,4693 4701,4697 4761,4697 4821,4697 4881,4697 4941,4701 5001,4701 5061,4701 5121,4701 5181,4705 5241,4701 5265,4697"/>
                <TextEquiv>
                    <Unicode>Handhabe bietet, offen mit mir zu sein und (wenn Sie mich einmal</Unicode>
                </TextEquiv>
            </TextLine>
            <TextLine id="tr_4_tl_3" custom="readingOrder {index:16;}">
                <Coords points="657,4842 727,4882 942,4853 1075,4906 1162,4853 1273,4894 1680,4853 1755,4917 1959,4865 2052,4941 2174,4865 2308,4865 2534,4958 2697,4877 2906,4877 3057,4964 3197,4958 3290,4877 3505,4987 3650,4935 3691,4970 3830,4935 3993,4987 4336,4987 4493,4906 4877,4999 4999,4952 4993,4784 4888,4819 4545,4772 4452,4813 4377,4760 4261,4790 4185,4755 4016,4795 3493,4673 3435,4714 3377,4673 3307,4714 3261,4679 3191,4720 3098,4696 2860,4784 2732,4772 2645,4702 2354,4760 2110,4667 1924,4702 1831,4656 1540,4667 1412,4743 1162,4662 971,4737 773,4685 657,4714"/>
                <Baseline points="688,4825 748,4829 808,4829 868,4833 928,4833 988,4833 1048,4837 1108,4833 1168,4837 1228,4837 1288,4837 1348,4841 1408,4845 1468,4845 1528,4841 1588,4845 1648,4845 1708,4845 1768,4849 1828,4849 1888,4853 1948,4853 2008,4853 2068,4853 2128,4853 2188,4853 2248,4853 2308,4857 2368,4857 2428,4861 2488,4861 2548,4865 2608,4861 2668,4857 2728,4865 2788,4869 2848,4869 2908,4869 2968,4869 3028,4869 3088,4869 3148,4869 3208,4873 3268,4873 3328,4873 3388,4873 3448,4877 3508,4877 3568,4877 3628,4877 3688,4877 3748,4881 3808,4885 3868,4885 3928,4885 3988,4885 4048,4885 4109,4885 4169,4885 4229,4885 4289,4885 4349,4893 4409,4893 4469,4897 4529,4897 4589,4893 4649,4897 4709,4897 4769,4897 4829,4897 4889,4901 4949,4901 5009,4905"/>
                <TextEquiv>
                    <Unicode>sachlich im Unrecht glauben) sachlich und anständig zu mir zu</Unicode>
                </TextEquiv>
            </TextLine>
            <TextLine id="tr_4_tl_4" custom="readingOrder {index:17;}">
                <Coords points="628,5051 976,5074 1058,5039 1244,5132 1343,5068 1453,5109 1814,5057 1976,5115 2040,5074 2127,5115 2308,5063 2592,5121 2790,5057 2976,5109 3418,5086 3551,5150 3644,5121 3796,5162 4016,5162 4115,5103 4208,5167 4377,5098 4673,5202 4737,5173 4871,5214 4941,5173 4999,5214 5185,5156 5179,4906 4888,4993 4656,4941 4476,4958 4418,5010 4301,4970 4173,5005 4086,4958 3929,4987 3842,4935 3488,4999 3336,4912 3232,4958 3092,4929 2941,4970 2662,4865 2453,4929 2273,4871 2063,4946 1784,4941 1668,4853 1610,4888 1325,4853 1168,4917 889,4842 820,4882 622,4871"/>
                <Baseline points="660,5029 720,5029 780,5029 840,5029 900,5033 960,5033 1020,5033 1080,5033 1140,5037 1200,5037 1260,5037 1320,5041 1380,5041 1440,5045 1500,5045 1560,5045 1620,5045 1680,5045 1740,5045 1800,5049 1860,5049 1920,5049 1980,5053 2040,5053 2100,5057 2160,5057 2220,5057 2280,5057 2340,5057 2400,5061 2460,5061 2520,5065 2580,5065 2640,5069 2700,5065 2760,5061 2820,5065 2880,5069 2940,5069 3000,5069 3060,5069 3120,5073 3180,5073 3240,5073 3300,5073 3360,5077 3420,5077 3480,5081 3540,5085 3600,5081 3660,5085 3720,5085 3780,5085 3840,5085 3900,5085 3960,5085 4020,5085 4080,5093 4141,5093 4201,5093 4261,5093 4321,5093 4381,5097 4441,5097 4501,5093 4561,5101 4621,5097 4681,5101 4741,5105 4801,5105 4861,5105 4921,5105 4981,5105 5041,5105 5101,5109 5161,5109 5193,5109"/>
                <TextEquiv>
                    <Unicode>kommen und mit wir zu reden.. trotzdem schweigen Sie gegen mich</Unicode>
                </TextEquiv>
            </TextLine>
            <TextLine id="tr_4_tl_5" custom="readingOrder {index:18;}">
                <Coords points="628,5272 796,5249 994,5318 1139,5254 1261,5301 1325,5254 1674,5371 1784,5318 1854,5342 1947,5266 2034,5307 2244,5266 2534,5330 2732,5307 2802,5365 3034,5353 3185,5272 3319,5342 3592,5301 3720,5382 3842,5388 3993,5342 4156,5382 4307,5336 4359,5377 4423,5324 4481,5353 4627,5313 4743,5411 4853,5371 5121,5406 5115,5202 4970,5162 4865,5208 4696,5202 4545,5121 4470,5156 4330,5109 4237,5162 3615,5121 3499,5208 3267,5080 3069,5167 2836,5138 2703,5185 2569,5132 2424,5167 2069,5086 1930,5092 1814,5167 1697,5109 1616,5150 1348,5068 1238,5132 1052,5039 924,5051 790,5144 732,5109 628,5138"/>
                <Baseline points="660,5237 720,5237 780,5237 840,5237 900,5233 960,5229 1020,5237 1080,5241 1140,5241 1200,5245 1260,5245 1320,5245 1380,5249 1440,5249 1500,5253 1560,5249 1620,5249 1680,5249 1740,5253 1800,5253 1860,5253 1920,5253 1980,5253 2040,5257 2100,5257 2160,5261 2220,5257 2280,5261 2340,5261 2400,5261 2460,5261 2520,5261 2580,5265 2640,5265 2700,5269 2760,5269 2820,5269 2880,5269 2940,5273 3000,5277 3060,5277 3120,5273 3180,5277 3240,5277 3300,5281 3360,5277 3420,5281 3480,5281 3540,5285 3600,5285 3660,5285 3720,5285 3780,5289 3840,5289 3900,5289 3960,5293 4020,5293 4080,5293 4141,5293 4201,5297 4261,5297 4321,5297 4381,5301 4441,5301 4501,5301 4561,5305 4621,5309 4681,5305 4741,5305 4801,5305 4861,5305 4921,5305 4981,5305 5041,5309 5101,5309 5129,5309"/>
                <TextEquiv>
                    <Unicode>und »schütten anderen Ihr Herz aus«. Erst als ich davon höre und</Unicode>
                </TextEquiv>
            </TextLine>
            <TextLine id="tr_4_tl_6" custom="readingOrder {index:19;}">
                <Coords points="651,5551 878,5551 942,5487 1093,5516 1221,5452 1290,5499 1401,5475 1587,5563 1912,5539 1953,5580 2203,5470 2418,5516 2494,5487 2674,5574 2836,5504 2959,5545 3011,5499 3197,5487 3493,5580 3621,5516 3726,5557 3860,5516 3958,5597 4011,5545 4104,5574 4237,5516 4388,5574 4516,5545 4551,5580 4621,5522 4801,5522 4894,5574 4946,5539 5150,5551 5144,5388 4906,5411 4696,5371 4621,5313 4493,5359 4423,5324 4342,5377 4191,5318 4104,5377 3993,5336 3842,5394 3720,5382 3598,5301 3232,5365 3174,5330 2802,5359 2738,5307 2627,5371 2552,5318 2406,5359 2366,5318 2191,5348 2133,5307 2040,5359 1970,5324 1895,5365 1802,5318 1662,5365 1494,5301 1372,5342 1145,5260 825,5353 645,5301"/>
                <Baseline points="676,5437 736,5437 796,5441 856,5441 916,5441 976,5441 1036,5441 1096,5445 1156,5445 1216,5449 1276,5445 1336,5445 1396,5449 1456,5449 1516,5453 1576,5453 1636,5453 1696,5453 1756,5453 1816,5453 1876,5453 1936,5457 1996,5457 2056,5457 2116,5461 2176,5461 2236,5461 2296,5461 2356,5465 2416,5465 2476,5469 2536,5465 2596,5469 2656,5473 2716,5469 2776,5473 2836,5473 2896,5473 2956,5477 3016,5477 3076,5477 3136,5481 3196,5481 3256,5481 3316,5481 3376,5485 3436,5485 3496,5481 3556,5485 3616,5489 3676,5493 3736,5493 3796,5493 3856,5497 3916,5497 3976,5497 4036,5501 4097,5493 4157,5493 4217,5497 4277,5501 4337,5505 4397,5509 4457,5505 4517,5509 4577,5509 4637,5509 4697,5509 4757,5513 4817,5509 4877,5509 4937,5517 4997,5513 5057,5517 5117,5521 5161,5513"/>
                <TextEquiv>
                    <Unicode>in einem erklärlichen Reinlichkeitsbedürfnis Sie gradeaus frage,</Unicode>
                </TextEquiv>
            </TextLine>
            <TextLine id="tr_4_tl_7" custom="readingOrder {index:20;}">
                <Coords points="645,5690 767,5650 913,5708 1453,5656 1680,5720 1750,5690 1883,5725 2052,5673 2249,5731 2348,5696 2406,5737 2505,5702 2621,5743 2802,5690 2959,5731 2993,5702 3185,5789 3354,5702 3691,5743 3772,5714 4080,5789 4330,5754 4580,5789 4662,5737 4923,5725 5162,5807 5231,5789 5231,5592 5132,5621 4976,5574 4865,5615 4580,5516 4481,5568 4011,5551 3958,5597 3807,5516 3644,5592 3563,5545 3371,5609 2906,5528 2749,5615 2621,5534 2360,5592 2191,5510 1965,5586 1784,5534 1604,5568 1407,5475 1238,5528 1162,5470 1087,5516 936,5493 878,5551 639,5551"/>
                <Baseline points="676,5617 736,5625 892,5641 952,5645 1012,5645 1072,5645 1132,5649 1192,5649 1252,5649 1312,5653 1372,5653 1432,5653 1492,5649 1552,5649 1612,5653 1672,5653 1732,5657 1792,5661 1852,5661 1912,5661 1972,5661 2032,5661 2092,5661 2152,5665 2212,5669 2272,5665 2332,5665 2392,5669 2452,5669 2512,5669 2572,5673 2632,5673 2692,5677 2752,5677 2812,5677 2872,5677 2932,5677 2992,5681 3052,5681 3112,5681 3172,5681 3232,5685 3292,5685 3352,5685 3412,5689 3472,5693 3532,5693 3592,5693 3652,5693 3712,5693 3772,5697 3832,5697 3892,5697 3952,5697 4012,5701 4072,5701 4133,5705 4193,5705 4253,5705 4313,5705 4373,5705 4433,5709 4493,5709 4553,5709 4613,5713 4673,5713 4733,5709 4793,5713 4853,5717 4913,5721 4973,5721 5033,5721 5093,5721 5153,5721 5213,5717 5241,5717"/>
                <TextEquiv>
                    <Unicode>erst dann bequemen Sie sich zu einer direkten Aeusserung. Dabei</Unicode>
                </TextEquiv>
            </TextLine>
            <TextLine id="tr_2_tl_1" custom="readingOrder {index:21;}">
                <Coords points="657,5888 1029,5964 1197,5876 1261,5911 1308,5871 1383,5906 1523,5876 1732,5946 1953,5882 2197,5871 2302,5917 2528,5882 2697,5952 2831,5882 3086,5935 3156,5906 3331,5987 3633,5923 3778,5993 4046,5911 4191,5981 4755,6033 4877,5935 5010,5969 5010,5847 4836,5766 4696,5818 4615,5760 4226,5795 3918,5749 3801,5812 3383,5772 3284,5807 3098,5754 2964,5789 2807,5696 2685,5754 2587,5708 2372,5743 2308,5690 2168,5720 2075,5685 1657,5743 1436,5661 1122,5766 965,5679 860,5714 651,5685"/>
                <Baseline points="688,5861 748,5849 808,5849 868,5849 928,5849 988,5849 1048,5853 1108,5853 1168,5853 1228,5857 1288,5857 1348,5857 1408,5857 1468,5857 1528,5861 1588,5861 1648,5861 1708,5865 1768,5861 1828,5861 1888,5865 1948,5861 2008,5865 2068,5865 2128,5869 2188,5869 2248,5869 2308,5873 2368,5873 2428,5869 2488,5873 2548,5877 2608,5881 2668,5877 2728,5877 2788,5881 2848,5881 2908,5885 2968,5885 3028,5885 3088,5885 3148,5889 3208,5889 3268,5893 3328,5893 3388,5897 3448,5893 3508,5893 3568,5897 3628,5897 3688,5901 3748,5901 3808,5897 3868,5901 3928,5901 3988,5901 4048,5901 4109,5905 4169,5905 4229,5905 4289,5905 4349,5909 4409,5913 4469,5913 4529,5913 4589,5917 4649,5917 4709,5917 4769,5917 4829,5921 4889,5921 4949,5921 5009,5929 5025,5929"/>
                <TextEquiv>
                    <Unicode>jedoch wollen Sie vor mir verheimlichen, was in Ihnen vorgeht,</Unicode>
                </TextEquiv>
            </TextLine>
            <TextLine id="tr_2_tl_2" custom="readingOrder {index:22;}">
                <Coords points="610,6115 825,6150 1029,6074 1221,6144 1378,6144 1442,6092 1860,6086 1988,6173 2162,6179 2331,6115 2447,6155 2563,6092 2714,6086 2999,6173 3086,6150 3208,6225 3604,6097 3796,6243 3941,6173 4324,6243 4441,6184 4871,6138 5074,6254 5109,6248 5109,6004 4882,5935 4755,6033 4237,5964 4063,6010 3923,5940 3784,5993 3522,5940 3418,5993 3150,5911 2993,5917 2895,5975 2668,5929 2528,5981 2424,5923 2354,5964 2052,5911 1988,5952 1936,5906 1779,5946 1639,5917 1546,5964 1378,5929 1168,5993 953,5923 854,5952 715,5888 604,5917"/>
                <Baseline points="644,6041 704,6049 764,6045 824,6049 884,6049 944,6049 1004,6053 1064,6053 1124,6053 1184,6053 1244,6053 1304,6053 1364,6057 1424,6057 1484,6057 1544,6057 1604,6061 1664,6065 1724,6065 1784,6069 1844,6069 1904,6073 1964,6073 2024,6073 2084,6073 2144,6073 2204,6073 2264,6073 2324,6077 2384,6077 2444,6077 2504,6077 2564,6081 2624,6081 2684,6085 2744,6085 2804,6089 2864,6089 2924,6089 2984,6085 3044,6089 3104,6093 3164,6093 3224,6093 3284,6093 3344,6097 3404,6097 3464,6097 3524,6101 3584,6101 3644,6097 3704,6101 3764,6105 3824,6105 3884,6109 3944,6105 4004,6105 4064,6105 4125,6113 4185,6113 4245,6113 4305,6117 4365,6117 4425,6117 4485,6117 4545,6121 4605,6121 4665,6121 4725,6117 4785,6121 4845,6125 4905,6125 4965,6125 5025,6125 5085,6125 5125,6125"/>
                <TextEquiv>
                    <Unicode>möchten aber trotzdem als ein aufrichtiger und freimütiger Mann</Unicode>
                </TextEquiv>
            </TextLine>
            <TextLine id="tr_2_tl_3" custom="readingOrder {index:23;}">
                <Coords points="622,6359 767,6394 872,6341 953,6388 1180,6394 1325,6283 1517,6336 1616,6278 1982,6324 1976,6138 1930,6126 1860,6190 1424,6097 1378,6144 1226,6150 1035,6080 825,6150 616,6115"/>
                <Baseline points="648,6253 708,6253 768,6253 828,6253 888,6253 948,6257 1008,6257 1068,6257 1128,6253 1188,6253 1248,6257 1308,6257 1368,6261 1428,6261 1488,6265 1548,6265 1608,6269 1668,6269 1728,6269 1788,6269 1848,6269 1908,6273 1968,6273 1996,6273"/>
                <TextEquiv>
                    <Unicode>vor mir erscheinen.</Unicode>
                </TextEquiv>
            </TextLine>
            <TextLine id="tr_2_tl_4" custom="readingOrder {index:24;}">
                <Coords points="1331,6586 1575,6493 1709,6568 1947,6504 2058,6562 2226,6504 2325,6562 2418,6498 2569,6580 2802,6522 3040,6615 3830,6516 3964,6580 4022,6533 4150,6568 4226,6539 4290,6586 4354,6545 4464,6609 5086,6539 5220,6597 5214,6353 4941,6365 4784,6429 4720,6394 4609,6423 4499,6365 4301,6411 4185,6359 3906,6429 3813,6370 3714,6429 3499,6330 3394,6376 3267,6318 3162,6330 3040,6388 2877,6301 2523,6423 2238,6353 2197,6394 2034,6394 1901,6307 1622,6359 1564,6307 1517,6336 1436,6283 1325,6289"/>
                <Baseline points="1356,6461 1416,6461 1476,6465 1536,6465 1596,6465 1656,6469 1716,6469 1776,6469 1836,6469 1896,6473 1956,6477 2016,6477 2076,6477 2136,6477 2196,6481 2256,6481 2316,6481 2376,6485 2436,6485 2496,6485 2556,6485 2616,6489 2676,6489 2736,6489 2796,6485 2856,6489 2916,6493 2976,6493 3036,6497 3096,6497 3156,6497 3216,6501 3276,6501 3336,6501 3396,6505 3456,6505 3516,6505 3576,6501 3636,6505 3696,6513 3756,6513 3816,6513 3876,6517 3936,6517 3996,6517 4056,6513 4117,6513 4177,6517 4237,6517 4297,6525 4357,6521 4417,6525 4477,6525 4537,6525 4597,6529 4657,6529 4717,6529 4777,6529 4837,6533 4897,6533 4957,6533 5017,6529 5077,6533 5137,6525 5197,6521 5229,6517"/>
                <TextEquiv>
                    <Unicode>Und so schreiben Sie diesen Brief, der freimütig ausse¬</Unicode>
                </TextEquiv>
            </TextLine>
            <TextLine id="tr_2_tl_5" custom="readingOrder {index:25;}">
                <Coords points="599,6661 901,6725 1000,6673 1366,6731 1471,6690 1569,6777 1918,6731 2034,6772 2348,6690 2476,6742 2807,6708 2964,6783 3040,6731 3220,6818 3389,6806 3522,6713 3749,6806 3819,6783 4046,6841 4214,6748 4377,6742 4574,6824 4772,6748 4923,6783 5144,6754 5138,6551 4981,6591 4859,6539 4726,6597 4406,6603 4028,6533 3947,6574 3813,6516 3505,6620 3302,6556 3040,6620 2836,6527 2668,6562 2511,6498 2319,6562 2197,6498 2087,6562 1976,6498 1628,6586 1500,6510 1360,6580 971,6475 866,6527 593,6498"/>
                <Baseline points="628,6657 688,6661 748,6661 808,6661 868,6661 928,6665 988,6665 1048,6665 1108,6669 1168,6673 1228,6673 1288,6677 1348,6669 1408,6673 1468,6677 1528,6677 1588,6677 1648,6677 1708,6677 1768,6677 1828,6677 1888,6677 1948,6677 2008,6681 2068,6685 2128,6681 2188,6685 2248,6685 2308,6685 2368,6689 2428,6689 2488,6693 2548,6693 2608,6693 2668,6693 2728,6697 2788,6697 2848,6697 2908,6701 2968,6701 3028,6701 3088,6701 3148,6705 3208,6705 3268,6705 3328,6705 3388,6705 3448,6709 3508,6713 3568,6713 3628,6713 3688,6713 3748,6713 3808,6713 3868,6717 3928,6717 3988,6717 4048,6721 4109,6717 4169,6721 4229,6725 4289,6725 4349,6725 4409,6725 4469,6725 4529,6725 4589,6733 4649,6733 4709,6737 4769,6733 4829,6737 4889,6737 4949,6737 5009,6737 5069,6737 5129,6737 5161,6729"/>
                <TextEquiv>
                    <Unicode>hen soll, geben sich als den Rechtschaffenen und Wackeren: Nicht</Unicode>
                </TextEquiv>
            </TextLine>
            <TextLine id="tr_2_tl_6" custom="readingOrder {index:26;}">
                <Coords points="610,6882 907,6923 1261,6888 1372,6981 1476,6923 1581,6975 1720,6911 1976,6888 2348,7022 2424,6969 2581,6987 2720,6917 2778,6975 2842,6934 3081,7010 3371,6923 3569,6987 3627,6958 3743,7022 3790,6969 3912,7004 4156,6940 4354,6992 4557,6940 4644,6981 4894,6958 5144,7039 5138,6812 5057,6789 4993,6841 4784,6748 4604,6824 4452,6783 4359,6853 4185,6760 4040,6841 3801,6777 3749,6806 3522,6713 3389,6806 3220,6818 3034,6731 2976,6783 2552,6725 2482,6783 2255,6795 2116,6719 2034,6772 1895,6731 1575,6789 1471,6690 1366,6731 1186,6679 1058,6754 982,6702 953,6731 610,6684"/>
                <Baseline points="644,6857 704,6865 764,6865 824,6869 884,6869 944,6869 1004,6869 1064,6869 1124,6869 1184,6877 1244,6877 1304,6877 1364,6877 1424,6877 1484,6877 1544,6877 1604,6877 1664,6877 1724,6877 1784,6881 1844,6885 1904,6881 1964,6885 2024,6885 2084,6885 2144,6885 2204,6885 2264,6885 2324,6893 2384,6893 2444,6893 2504,6897 2564,6897 2624,6897 2684,6897 2744,6897 2804,6897 2864,6905 2924,6901 2984,6901 3044,6905 3104,6905 3164,6909 3224,6909 3284,6909 3344,6913 3404,6909 3464,6913 3524,6913 3584,6917 3644,6917 3704,6921 3764,6921 3824,6921 3884,6921 3944,6917 4004,6917 4064,6921 4125,6921 4185,6925 4245,6925 4305,6925 4365,6925 4425,6929 4485,6929 4545,6933 4605,6933 4665,6937 4725,6941 4785,6941 4845,6941 4905,6941 4965,6941 5025,6945 5085,6945 5145,6941 5153,6941"/>
                <TextEquiv>
                    <Unicode>etwa, dass Sie keine Kritik vertragen .. Gott bewahre! Bis auf</Unicode>
                </TextEquiv>
            </TextLine>
            <TextLine id="tr_2_tl_7" custom="readingOrder {index:27;} textStyle {offset:49; length:5;strikethrough:true;} add {offset:54; length:4;}">
                <Coords points="599,7114 715,7074 947,7138 994,7097 1279,7085 1401,7149 1569,7085 1814,7138 1988,7231 2139,7138 2278,7155 2342,7109 2732,7173 2825,7120 3150,7167 3226,7132 3302,7178 3418,7126 3650,7202 3790,7149 3912,7231 4115,7149 4481,7277 4551,7219 4592,7260 4894,7271 4929,7266 4923,6958 4708,6992 4586,6963 4429,7010 4377,6969 4063,6940 3912,7004 3790,6969 3737,7016 3627,6958 3569,6987 3296,6923 3179,7010 3086,7010 2738,6934 2476,7004 2424,6969 2348,7022 2110,6911 2046,6952 1889,6934 1831,6992 1779,6958 1581,6975 1476,6917 1372,6975 1226,6882 1116,6917 1046,6882 825,6969 593,6882"/>
                <Baseline points="632,7057 692,7069 752,7069 812,7069 872,7073 932,7077 992,7077 1052,7077 1112,7077 1172,7077 1232,7077 1292,7081 1352,7081 1412,7085 1472,7081 1532,7081 1592,7081 1652,7081 1712,7085 1772,7089 1832,7089 1892,7089 1952,7093 2012,7097 2072,7097 2132,7097 2192,7097 2252,7097 2312,7097 2372,7097 2432,7097 2492,7101 2552,7101 2612,7101 2672,7101 2732,7105 2792,7105 2852,7109 2912,7109 2972,7109 3032,7109 3092,7109 3152,7109 3212,7113 3272,7113 3332,7113 3392,7117 3452,7117 3512,7117 3572,7121 3632,7121 3692,7125 3752,7129 3812,7121 3872,7125 3932,7125 3992,7125 4052,7129 4113,7129 4173,7129 4233,7133 4293,7133 4353,7129 4413,7133 4473,7141 4533,7161 4593,7177 4653,7185 4713,7189 4773,7189 4833,7189 4893,7185 4945,7181"/>
                <TextEquiv>
                    <Unicode>eine Stelle (ich könnte diese Stelie nennen) hat HerrnKerr</Unicode>
                </TextEquiv>
            </TextLine>
            <TextEquiv>
                <Unicode>Hier brechen Sie mit Vorbedacht und mit Hohn in die Intimität mei¬
nes Wesens ein, um mich desto sicherer zu verletzen. Dieser dreis¬
te Griff an die gelstigen Schamteile und Zeugungsorgane eines an¬
dern ist so widerwärtig, so durch nichts entschuldbar, dass ich ihn
hier nur feststelle und weiter nichts drauf sage.
Ihr ganzer Brief ist lediglich eine Spekulation auf mei¬
ne Gutmütigkeit. Hätten Sie mich nicht für so gutmutig gehalten,
Sie hätten es nie versucht, mich mit dieser wohlfeilen Literaten-¬
Psychologie zu dupieren.
Sie haben irgend ein dumpfes Gefühl gegen mich, das ich
bel Ihren Jahren und in Ihrem Zustande schliesslich begreife, und
das ich bezeichnen könnte, wenn ich wollte. Die absolute Wahrheit
meiner Hauptmann-Kritiken reizt gewisse Empfindlichkeiten und
Instinkte in Ihnen, die ich gleichfalls bezeichnen könnte.
Aber Sie schweigen. Trotzdem unser Umgang Ihnen jede
Handhabe bietet, offen mit mir zu sein und (wenn Sie mich einmal
sachlich im Unrecht glauben) sachlich und anständig zu mir zu
kommen und mit wir zu reden.. trotzdem schweigen Sie gegen mich
und »schütten anderen Ihr Herz aus«. Erst als ich davon höre und
in einem erklärlichen Reinlichkeitsbedürfnis Sie gradeaus frage,
erst dann bequemen Sie sich zu einer direkten Aeusserung. Dabei
jedoch wollen Sie vor mir verheimlichen, was in Ihnen vorgeht,
möchten aber trotzdem als ein aufrichtiger und freimütiger Mann
vor mir erscheinen.
Und so schreiben Sie diesen Brief, der freimütig ausse¬
hen soll, geben sich als den Rechtschaffenen und Wackeren: Nicht
etwa, dass Sie keine Kritik vertragen .. Gott bewahre! Bis auf
eine Stelle (ich könnte diese Stelie nennen) hat HerrnKerr</Unicode>
            </TextEquiv>
        </TextRegion>
    </Page>
</PcGts>
