2903 5054
651 1178 2427 1316 Lieber, ich war eben bei Ihnen, um Ihnen
587 1282 2451 1456 folgendes zu sagen: Überlegen Sie, ob Sie
575 1418 2367 1596 nicht lieber gleich zum Volksth. gehen
579 1550 2491 1728 wollen. In diesem Fall wäre die Nachricht
575 1682 2487 1856 von der Annahme Ihres Stückes am Volks¬
767 1814 2319 1976 th. die vorläufig beste Antwort für
615 1922 2415 2136 Schlenther. Und dem Volksth. gegenüber
575 2066 2419 2288 wären Sie jetzt in der Lage zu sagen,
583 2222 2239 2408 dass Ihnen der Termin des Burgtheaters
659 2386 2391 2567 nicht passt, während Sie, falls
771 2533 2155 2695 Sie ein Refus von Schlenther provoziren,
867 2677 2287 2831 mit einem abgelehnten Stück
855 2809 2383 2971 zu Bukowics kommen, der vielleicht
651 2921 2327 3127 daraus wieder Capital schlägt, und
655 3041 2323 3243 Ihnen sagt, (von Bahr gehetzt) dass
631 3181 2375 3375 Sie nur das für ihn haben, was
575 3301 2315 3507 Schlenther übrig läßt. Ganz abge¬
547 3445 2155 3651 sehen davon, dass Sch. - wenn er
543 3569 2303 3787 von Ihnen keine Antwort kriegt,
547 3721 2191 3923 und nur hört, Ihr Stück sei am
547 3841 2459 4079 Volksth. - gewiß gelaufen kommt.
839 4137 1035 4199 ec. ec. ec.
1675 4077 2395 4139 Herzl. Salten
