4235 4190
2970 1204 3308 1264 Herghof,
3322 1198 3432 1258 10.
3440 1195 3513 1255 2.
3521 1188 3558 1248 10

835 1820 995 1880 Lieber

1163 1911 1291 1971 Ihrn
1347 1915 1547 1975 Karte
1603 1920 1723 1980 aus
1771 1914 1860 1974 der
1916 1917 2139 1977 Schweiz
2204 1920 2435 1980 bekam
2499 1917 2507 1977 i
2596 1911 2684 1971 vor
2732 1911 2867 1971 zuei
2915 1902 3212 1962 Digen,
3228 1890 3468 1950 nehme
3524 1870 3668 1930 aber

791 2068 944 2128 en,
958 2063 1077 2123 dass
1132 2061 1195 2121 Sie
1265 2062 1355 2122 jetzt
1439 2060 1620 2120 wieder
1683 2059 1697 2119 zu
1823 2055 2004 2115 kause
2080 2057 2269 2117 sind.
2283 2055 2442 2115 Wann
2484 2049 2520 2109 ig
2582 2046 2596 2106 na
2764 2044 2889 2104 Wien
2937 2040 3223 2100 komme,
3237 2037 3356 2097 weiß
3425 2030 3432 2090 i
3544 2022 3704 2082 niht

817 2215 910 2275 wiiß
984 2212 1117 2272 mitt
1190 2207 1483 2267 einmal,
1497 2202 1530 2262 ob
1596 2201 1629 2261 ig
1690 2198 1723 2258 es
1763 2195 1903 2255 woh.
1916 2189 2029 2249 Hier
2102 2188 2150 2248 ist
2209 2186 2249 2246 es
2316 2186 2329 2246 so
2403 2183 2535 2243 ganz
2583 2177 2775 2237 siiel,
2788 2181 2935 2241 ganz
2995 2180 3235 2240 ensam
3315 2171 3428 2231 und
3481 2160 3582 2220 das
3628 2156 3641 2216 So

788 2350 966 2410 rungt
1042 2347 1576 2407 einngenaßen.
1595 2327 1728 2387 Frurt
1861 2320 2007 2380 wenn
2078 2317 2223 2377 man
2287 2319 2395 2379 si's
2471 2314 2579 2374 tlar
2636 2317 2890 2377 macht,
2903 2315 2998 2375 aus
3049 2311 3138 2371 jetzt
3202 2302 3488 2362 geschicht
3589 2287 3703 2347 und

810 2484 1023 2544 kaun
1080 2480 1120 2540 es
1160 2466 1790 2526 geraicht-könnte
1865 2457 2025 2517 man
2100 2449 2552 2509 verzreifeln.
2569 2439 2644 2499 Wer
2707 2436 2838 2496 Drsm
2896 2428 3188 2488 glaull,
3205 2424 3297 2484 dis
3354 2416 3469 2476 als
3526 2410 3600 2470 sii

788 2604 960 2664 weßsn
1030 2604 1337 2664 Serbren,
1356 2601 1407 2661 ist
1484 2595 1746 2655 eineutig
1803 2595 1816 2655 zu
1918 2582 2270 2642 beneiden,
2289 2577 2448 2637 Dene
2506 2571 2551 2631 er
2608 2562 2710 2622 hot
2787 2557 2870 2617 ieg
2941 2550 3183 2610 einas,
3202 2542 3317 2602 un
3382 2534 3503 2594 sen
3567 2526 3745 2586 Knats

770 2726 961 2786 gefühl
1034 2729 1226 2789 dauunt
1306 2726 1321 2786 zu
1439 2717 1748 2777 fütern.
1762 2717 2012 2777 Viekleicht
2086 2714 2137 2774 ist
2203 2711 2239 2771 es
2291 2708 2453 2768 aut,
2468 2704 2585 2764 dass
2637 2696 2762 2756 iser
2813 2689 2960 2749 Rrig
3026 2684 3165 2744 voe
3239 2672 3327 2732 jetzt
3393 2669 3841 2729 mugefichten

784 2859 951 2919 wit.
972 2854 1175 2914 Zit.
1197 2854 1284 2914 für
1356 2848 1559 2908 unsere
1632 2848 1892 2908 Sohne,
1907 2848 1994 2908 des
2044 2845 2203 2905 mig
2261 2836 2493 2896 häsnnng
2566 2833 2689 2893 und
2747 2821 3043 2881 ezätich
3117 2810 3370 2870 gedacht
3449 2799 3667 2859 sen,
3688 2798 3826 2858 aber

783 2984 821 3044 os
885 2988 1032 3048 denbe
1096 2986 1134 3046 es
1173 2982 1371 3042 ebn.
1390 2974 1831 3034 Beer-Hofmane
1907 2974 1996 3034 und
2048 2972 2144 3032 hinr
2214 2969 2265 3029 in
2316 2965 2731 3025 Werßenbag.
2744 2953 2751 3013 E
2840 2950 3134 3010 glaube,
3153 2947 3198 3007 sin
3255 2939 3357 2999 sind
3428 2928 3518 2988 int
3569 2918 3683 2978 fürt
3734 2911 3798 2971 die

743 3097 1044 3157 anzigen.
1056 3099 1130 3159 Uil
1192 3097 1327 3157 sehen
1370 3096 1462 3156 uns
1530 3087 2016 3147 mannhmal.
2034 3081 2207 3141 lasen
2268 3081 2336 3141 Sie
2415 3081 2539 3141 mig
2613 3078 2852 3138 nißen,
2864 3071 2938 3131 wie
2988 3066 3025 3126 es
3080 3060 3141 3120 ei
3203 3060 3387 3120 Ihnen
3455 3044 3633 3104 seht.
3652 3033 3768 3093 Viele

777 3212 1040 3272 lerzlabst
1129 3212 1251 3272 Grüß
1354 3209 1444 3269 vin
1495 3206 1597 3266 uns
1648 3203 1739 3263 an
1809 3199 1860 3259 Sie
1924 3195 2072 3255 Beide
2148 3195 2289 3255 und
2379 3194 2430 3254 die
2508 3180 2763 3240 kindet.

3084 3202 3160 3262 Ir
3228 3209 3415 3269 Salten
