3837 5879
444 1058 3480 1323 der Sprache herausrücken, sind Sie ein feiger Lump...« oder Kerl..
459 1187 3446 1444 oder Schuft, oder so was ähnliches. Ludaßy stand vom Tisch
455 1372 2798 1577 auf und seither grüßen wir uns nicht mehr.
474 1441 3367 1698 Sie erinnern sich dieser abscheulichen Geschichte gewiß; erinnern
421 1577 3363 1839 sich ihrer um so eher, als ich sie gleich damals, und hernach
425 1680 3423 1949 noch oft bei Ihnen zum Besten gab, wenn wir über Freund
425 1801 3367 2116 Ludaßy und sein Verhältnis zu mir, zu Ihnen und zu uns
436 2040 1300 2218 allen sprachen.
466 2021 3442 2335 Diese Geschichte, als die Entstehungsursache seiner Feindschaft gegen
447 2161 3499 2461 mich, habe ich vor dem Ehrenrat zu Protokoll gegeben. Herr
444 2267 3389 2589 Ludaßy leugnet diesen Vorfall, bezichtigt mich der Unwahrheit,
451 2373 3446 2707 und erhebt Ehrenbeleidigungsklage gegen mich, weil ich ihn
466 2498 3363 2847 durch Erzählung dieser von mir erlogenen Episode vor dem
478 2597 3435 2946 Ehrenrat dem Gespött preisgegeben habe. Die Verhandlung
463 2703 3496 3067 findet Montag, Bezirksgericht Josefstadt, Alserstraße statt.
470 2843 3450 3188 Herr Ludaßy will damit der Schwurgerichtsverhandlung gegen
463 3048 2218 3321 sich in listiger Weise präludiren.
478 3090 3450 3439 Es kommt nun für mich darauf an, zu beweisen, dass ich diesen
485 3223 3473 3571 Vorfall gleich damals, nach der Kanner-Versammlung, dritten Perso¬
463 3321 3367 3681 nen erzählt habe. Ich weiß nun, dass ich Ihnen gleich damals
478 3454 3370 3810 ausführlich davon Mitteilung machte, um Sie in Kenntnis
493 3556 3386 3947 zu setzen, dass ich mit Ludaßy verfeindet sei. Weiß, dass
508 3678 3355 4053 ich Ihnen im Sommer 19054 in Pötzleinsdorf, in der Stark¬
497 3769 3442 4208 friedgaße, wo ich damals wohnte, die Sache wieder erzählte,
497 3924 3389 4322 worauf Sie mir Ludaßy’s Schmutzwort über Herzl, das
493 4083 3336 4455 er kurz nach Herzl’s Tode geäußert hatte, gleichsam
504 4307 2013 4576 zur Illustrirung mitteilten.
535 4349 3480 4694 Nun bitte ich Sie, mir das zu bezeugen. Sie sind der Einzige, dem
523 4493 3374 4796 ich so oft von der Sache sprach. Es ist wichtig, dass mir der
527 4622 3423 4932 Wahrheit gemäß bezeugt wird, ich habe diesen Vorfall lange
527 4758 3461 5058 vor dem Ehrenratsverfahren, oftmals und immer in der¬
