4934 6306
824 1366 4111 1522 Meine Ansicht geht dahin, dass man einen Freund in Pri¬
846 1524 4206 1786 vatverkehr seine Meinung mindestens so aufrichttg zu sa-
1184 1691 1726 1824 habe als
850 1713 4036 1951 gen hätte in in einem Feuilleton und dass ein Rezen¬
843 1926 3830 2116 sent – besonders einer, der sich nebstbei auch zum
835 2086 3868 2318 Theaterdirektor berufen fühlt – sich von dem Wesen
841 2276 4064 2505 eines Theaterstücks, von dessen innerem Wert, nicht von
838 2544 3904 2701 dessen Erfolgschancen meine ich, auch schon aus dem
828 2712 4107 2964 Buch eine bestimmte Vorstellung müsse bilden können.
830 2875 4007 3114 Habe ich in unserem letzten Gespräch diese Ansichten
831 3075 3856 3330 dahin formuliert, dass Du gerade durch Deine Erklä¬
812 3291 4247 3491 rungsversuche sowohl als Freund wie als Kritiker Selbst¬
813 3493 3948 3709 mord begangen hättest, so war dies möglicherweise
827 3676 4076 3917 etwas zu temperamentvoll vorgebracht, immerhin aber in
815 3906 4035 4169 harmloseren Ton gehalten als Deine briefliche Replik,
833 4108 3802 4297 in der Du mir – wörtlich – vorwirfst, ich sei über
807 4250 3908 4508 Dich hergefallen wie über einen charakterlosen Lum¬
814 4476 4123 4748 pen und mir mitteilst, dass Du an diese Unterredung mit
820 4649 4039 4924 einer Mischung von Scham, Widerwillen und Empörung zu¬
783 4858 3892 5124 rückdenkst. Ohne die subjektive Echtheit Deiner Em¬
798 5057 4145 5312 pfindung anzweifeln zu wollen, stelle ich es Dir anheim,
801 5258 3974 5512 ob Du Deine Ausdrucksweise als männlichen, weiblichen
806 5480 3440 5678 oder sächlichen Schwulst bezeichnen willst.
