4934 6306
835 1360 4018 1658 chenes Urteil bestätige, ist aus mannigfachen Gründen
825 1678 3942 1902 nicht ernst zu nehmen. In dem Bühnenschicksal eines
834 1786 4059 2091 Stückes kann der Kritiker niemals die Bestätigung und
840 2011 3918 2243 niemals die Widerlegung seiner Ansichten (höchstens
841 2210 4059 2417 einer Vorhersage) ausgedrückt sehen; es sei denn, dass
832 2392 4088 2724 er sich bedingungslos mit dem Publikum solidarisch er¬
787 2580 4279 2910 klärte. Das aber ist bei Dir gewiss nicht der Fall; denn
871 2917 4145 2997 Du hast Dich (mit vollem Recht) noch nie darum für ge¬
3812 2927 4394 3097 dem Publikum
831 3006 4215 3293 schlagen erachtet, weil ein von Dir verworfenes Stück be-
825 3218 4111 3483 hagt und eine lange Reihe von Aufführungen erlebt hat.
823 3397 4022 3644 Also selbst wenn die »Lebendigen Stunden« missfallen
847 3614 4210 3865 und sich nicht auf der Bühne erhalten hätten, wäre damit
862 3848 4238 4061 keineswege die Treffsicherheit Deiner Zeitungskritik er¬
844 4010 4143 4247 wiesen. Nun kommt aber noch dazu, dass Deine Behauptung
847 4237 4205 4423 von dem geringen Erfolg der vier Einakter den Tatsachen
857 4392 3983 4599 durchaus widerspricht. Nicht als Beweis für die Vor¬
847 4569 4158 4818 trefflichheit der Stücke, sondern eben nur als Tatsache
867 4760 3903 5040 führe ich an, dass die »Lebendigen Stunden« nach der
872 5038 4329 5212 »Liebelei« bisher meinen stärksten Theatererfolg bedeutet
848 5191 4107 5402 haben. So ist bei Brahm der ganze Zyklus über vierzig
829 5362 4098 5652 Mal aufgeführt worden. »Letzte Masken« und »Literatur«
