4915 7047
691 1322 1486 1388 B. Z. am Mittag
837 1742 1389 1812 Chefredaktion
2822 1263 4089 1571 BERLIN SW, 9. III. 06.
2813 1499 3327 1642 Kochstr. 23–25
1162 2257 4367 2569 Lieber, hier sende ich Ihnen das Feuilleton – das einzige, das bisher kam –
1150 2405 4456 2720 aus der »B. Z.« Montag will ich nochmals über die Russen schreiben, und
1158 2523 4367 2859 schicke es Ihnen dann gleich zu. Dass Sie so verstimmt von hier weg¬
1141 2628 4481 2973 gingen, hat auch auf mich deprimirend gewirkt. Dieser »Ruf des Lebens«
1158 2746 4434 3083 schien mir so unbezweifelbar, und ist es mir noch, dass seine Auf¬
1150 2872 4291 3175 nahme für mich eine symptomatische Bedeutung annahm.
1162 2918 4514 3293 Es ist ein Glück, dass Sie stark genug sind, um sich kommende Pro¬
1158 3066 4531 3390 duktion durch solche, an sich keineswegs wichtige Zwischenfälle, stören
1137 3179 4447 3529 zu laßen. Darauf rechne ich sehr, und hoffe, bald von Ihnen zu
1154 3281 4544 3630 hören, dass Sie arbeiten. Schlimm wäre es ja nur, wenn Sie, – mehr
1167 3361 4527 3744 aus künstlerischer Hypochondrie als aus Selbstkritik – anfangen würden,
1158 3478 4451 3841 in Ihrer Abschätzung dieses Stückes wankend zu werden. Da kann
1171 3575 4506 3942 man freilich für eine Weile den Boden unter sich schwinden fühlen.
1154 3693 4464 4051 Aber es wäre, besonders in diesem Falle, das Falscheste! Sie müssen
1141 3794 4418 4173 unbedingt dabei bleiben, dass Ihr Stück im Recht ist, und dass
1145 3916 4329 4266 die Zufälligkeit eines Abends nichts beweist. Dass Harden so
1150 3992 4514 4388 geschrieben hat, ist im ersten Moment für Ihr Empfinden vielleicht
1158 4093 4531 4498 sehr verletzend gewesen; tut aber wirklich nichts. Hätte er die Sache ausführ¬
1150 4207 4519 4603 lich und mit der ganzen Kraft seiner Dialektik zerrupft und zer¬
1124 4333 4468 4746 gliedert, dann wäre es schlimmer gewesen, denn es hätte gewirkt. So aber
1154 4426 4540 4792 hat hier, – und wol überall – jeder nur die Achsel gezuckt und gesagt:
1162 4557 4464 4952 das glaubt Harden selber nicht. Die Politik war gar zu sichtbar,
1150 4750 3251 5049 als dass ein kritischer Einfluß erfolgen könnte.
1154 4822 4384 5180 Nach und nach kommt meine Wohnung in Ordnung, und ich kann eine
1141 4952 4477 5277 menschliche Existenz beginnen. Könnte ich jetzt wieder von hier auswan¬
1145 5037 4464 5395 dern, dann wäre ich schon imstande, ein nettes Buch über Berlin
1150 5171 4384 5508 zu schreiben. Aber, ich hoffe, dass ich hier nicht sterben muß, und
1141 5277 4350 5639 doch einmal werde reden können. Nach Wien sehne ich mich
1145 5374 4485 5719 aber auch nicht. Dazu liegt mir die Schweinerei der letzten Affairen
1154 5475 4489 5849 noch zu sehr im Magen. Haben Sie die letzte Schurkerei des drama¬
1162 5571 4443 5942 tischen Dichters Ludassy Jemandem erzählt? Wenn nicht, dann
1145 5698 4498 6089 tun Sie’s doch, bitte. Es ist das Empörendste, dass so ein niederes
