4134 5958
2168 930 3557 1137 Marienbad, 15. August 07
2316 1074 3073 1297 Haus Quisisana.
535 1667 3667 1920 Lieber, wir sind jetzt bald eine Woche da. Otti braucht die Kur. Kreuz¬
450 1840 3574 2063 brunnen und Ferdinandsquelle. Moorbäder und Kohlensäure; sie
438 1983 3658 2219 befindet sich dabei sehr wol, und ihre Genesung macht sichtlich Fort¬
438 2122 3667 2345 schritte. Ich habe auch mit einer Kur begonnen, aber nur einen
438 2240 3705 2475 Tag ausgehalten. Um 5Uhr aufstehen und um neun erst früh¬
417 2362 3633 2635 stücken könnte ich nur dann vertragen, wenn ich von hier
429 2484 3717 2732 aus erst noch auf vier Wochen anderswohin zu Erholung ginge.
425 2627 3608 2888 Da ich mich aber ausruhen muss, hat es keinen Sinn, wenn ich mich
404 2753 3562 3014 jetzt quäle, und dann vielleicht noch matter und noch nervöser
413 2846 3692 3183 nach Wien zurückkomme. Den Kindern tut Mbd. unglaublich gut.
400 2993 3490 3280 Sie essen hier, dass wir eine Freude haben. Und sie lernen endlich
404 3103 3650 3406 weite Spaziergänge machen, was man an der See weniger übt, und
400 3242 3658 3557 wozu sie – durch unseren Garten – in Wien nie gelangt sind. Hier
387 3368 3646 3671 sind die Wälder herrlich, und die vielen Jausenorte, die überall auf
396 3469 3591 3793 den kleinen Berggipfeln und Hochplateaus liegen, sind wirklich
396 3604 3717 3953 famos. Wir wohnen ganz ausserhalb von Marienbad in einer Straße,
404 3751 3549 4084 die nur auf der einen Seite Häuser, auf der anderen den Wald
387 3911 3578 4223 hat, zahlen für zwei hübsche Zimmer 25fl die Woche, was sehr
392 3991 3785 4383 billig ist, haben das Mittagessen – und was für ein Mittagessen! –
400 4134 3684 4500 für 60 Kreuzer die Person auf dem Zimmer. Das Frühstück macht
421 4261 3642 4593 das Fräulein, gejaust wird irgendwo auf einem Berg. (Rübezahl
417 4408 3612 4728 Forstwarte, Nimrod, Egerländer u. s. w.) Und Nachtmahl holt
425 4555 3629 4900 man sich in der Delikatessenhandlung, die hier alle Begriffe, die
429 4707 3688 5023 man sich in einer Delikatessenhandlung macht noch über¬
442 4820 3629 5199 trifft. Ich verstehe, warum Elias vom Marienbad so begeistert
