3928 7333
2448 1442 2911 1502 Berghof,
2929 1440 3071 1500 17.
3083 1444 3172 1504 8.
3183 1452 3308 1512 22.

753 2108 1165 2168 Lieber,
1187 2112 1430 2172 vielen
1503 2111 1679 2171 Dank
1782 2099 1870 2159 für
1951 2092 2098 2152 Ihre
2187 2086 2502 2146 Karte.
2517 2084 2561 2144 Es
2619 2080 2774 2140 geht
2869 2067 3053 2127 uns
3119 2056 3318 2116 allen

708 2296 917 2356 ganz
1010 2296 1265 2356 gut.
1285 2288 1358 2348 Ich
1449 2280 1580 2340 bin
1692 2272 1810 2332 siit
1902 2264 2013 2324 din
2126 2260 2421 2320 Wochen
2513 2252 2526 2312 da
2657 2242 2808 2302 und
2893 2220 3418 2280 Faullenga.

750 2462 996 2522 lassen
1105 2472 1181 2532 Sie
1276 2463 1372 2523 sief
1468 2460 1570 2520 das
1660 2452 2125 2512 brilngende
2227 2448 2480 2508 klene
2549 2428 2781 2488 Brich
2905 2404 3349 2464 gefallee.

705 2636 1025 2696 Uind,
1047 2648 1279 2708 wennn
1367 2645 1425 2705 is
1499 2644 1804 2704 irgend
1898 2626 2197 2686 geht,
2218 2612 2400 2672 aber
2473 2607 2531 2667 es
2590 2594 2822 2654 ginge
2916 2572 3396 2632 geniß¬

733 2816 1176 2876 konnnn
1286 2828 1384 2888 Sie
1508 2816 1667 2876 doch
1834 2804 2062 2864 jetzt,
2083 2791 2096 2851 da
2256 2780 2339 2840 Sie
2428 2772 2442 2832 so
2560 2761 2754 2821 nahe
2844 2740 3099 2800 sind,
3121 2725 3266 2785 aunf

757 3008 856 3068 der
964 3016 1413 3076 Hennfahnt
1521 3000 1960 3060 sonissten
2110 2971 2235 3031 für
2326 2957 2418 3017 en
2492 2944 2717 3004 war
2799 2928 2999 2988 Tage
3090 2914 3107 2974 zu

748 3196 915 3256 nun
1120 3192 1257 3252 Wir
1401 3179 1775 3239 würden
1896 3160 2071 3220 uns
2147 3149 2291 3209 alle
2390 3136 2405 3196 so
2549 3121 2709 3181 sehr
2831 3100 3006 3160 mit
3089 3078 3348 3138 Iann

757 3372 1052 3432 hruen.

2080 3457 2496 3517 Herzlihst
2636 3476 2702 3536 Ih

2812 3536 3115 3596 Salten
