3731 6596
444 2055 2664 2157 Arbeiten fertig vorstelle und gedruckt und
444 2215 2628 2301 unter allen anderem wirkend, was es in
448 2371 2752 2457 der Kunst gibt. Es ist das niederdrückendste
448 2523 2712 2633 Gefühl, und man ist wie gelähmt, wenn
448 2679 2820 2773 diese Empfindung Einem vorzurechnen beginnt,
460 2839 2764 2937 in wie vieler Beziehung man mit allem, was
420 3007 2772 3101 man machen möchte und könnte, entbehr¬
440 3179 2860 3245 lich sei. Dass ich damit allein bleibe, ist
440 3335 2860 3429 mir oft schwer genug. Und ich bin jetzt ganz
432 3499 2804 3593 allein. Ich möchte das Einmal ganz klar
444 3667 2824 3757 aussprechen. Damit ich später nicht mehr
436 3815 2872 3909 in Andeutungen darauf zurückkommen brau¬
412 3983 2840 4081 che. Ich möchte es umso eher, als ich es jetzt
436 4135 2792 4241 ohne die mindeste Bitterkeit thun kann u.
428 4319 2840 4417 meine sonstige starke Empfindlichkeit unge¬
440 4479 2744 4573 rechnet, über Empfindlichkeiten hinweg
424 4651 2744 4733 bin: Ich habe außer zu Ihnen, weder zu
456 4811 2956 4901 Hugo und noch viel weniger zu Beer-Hofmann
468 4987 2888 5081 Beziehungen irgend welcher Art. Sie suchen
444 5155 2896 5249 mich nicht und nirgends und ich sie nicht.
