5653 7954
905 1124 1110 1180 Die
707 1315 1324 1383 Zeit
559 1426 1472 1500 Wiener Tageszeitung
825 1537 1196 1593 Herausgeber:
702 1635 1343 1691 Prof. Dr. I. Singer
708 1709 1337 1759 Dr. Heinrich Kanner
831 1857 1233 1913 Redaction
585 1992 1454 2042 Telegramm-Adresse: Zeit, Wien
579 2054 1454 2110 Interurbanes Telephon Nr. 15.988
602 2116 1441 2190 = Telephone Nr. 17.040, 17.041
3209 1241 3623 1297 Wien, I.
3050 1123 4418 1406 Wipplingerstrasse 38, 2. Juli 1904
1753 2394 2638 2632 Lieber Freund!
1275 2898 5004 3229 Den Einakter »Giulia« von Artur Vollmöller kann ich leider in
906 3115 5172 3474 der »Zeit« nicht bringen. Die Situation lässt sich unmöglich vom Bett
923 3349 5270 3669 aus auf ein anderes Möbelstück verlegen. Das wäre aber noch das wenigste.
917 3566 5134 3919 Ich kann der ganzen Arbeit keinen Geschmack abgewinnen; sie erscheint
901 3794 4879 4114 mir forciert, vollständig dem D’Annunzio nachgebildet und unnötig.
923 4022 5227 4369 Ich glaube, dass Vollmöller zuletzt doch eine Enttäuschung sein wird,
928 4255 4483 4586 ausser, man hat sich von ihm überhaupt nichts versprochen.
928 4440 5292 4787 Hoffentlich sind Sie bald wieder ganz gesund, ich schaue jedenfalls die¬
961 4662 2866 5064 ser Tage noch einmal zu Ihnen.
3381 5004 4798 5286 Herzlichst Ihr Salten
966 6193 2616 6470 Herrn Dr. Arthur Schnitzler
982 6426 2486 6687 Wien, XVIII. Spöttelgasse 7
1813 6774 3034 7186 1 Manuscript
