4934 6306
840 1384 4029 1612 stattet sein, freilich nicht aus diesem Grunde allein,
800 1628 4109 1836 Deinen Versuch, mich als einen »durch Grössengefühl und
813 1813 4213 2016 Selbstgefällikeit jeden Urteils beraubten Autor« hinzu¬
841 1986 4099 2222 stellen, mit jener Gleichgültigkeit aufzunehmen, die mir
847 2221 4237 2412 so bedenklicher Polemik gegenüber am Platze scheint. Doch
830 2316 4170 2632 möchte ich in diesem Zusammenhang, wie gleichfalls schon
825 2579 4181 2829 mündlich geschehen, betonen, dass ich Deiner öffentlichen
820 2802 4082 3038 kritischen Tätigheit wie der Durchschnittskritik über¬
824 3003 3878 3193 haupt, keineswegs jene Wichtigkeit beimesse, die die
810 3146 4120 3409 Ausführlichheit dieses Schreibens Uneingeweihte könnte
828 3373 3982 3624 vermuten lassen. Was Du auf journalistischem Gebiete
845 3568 4011 3814 insbesondere als politischer Korrespondent und Reise¬
836 3745 4073 4023 schilderer geleistet hast, soll nach wie vor anerkannt
820 3965 3931 4227 werden, was Du als Kritiker zu wirken vermochtest sei
822 4177 3812 4431 hier in kurzen Worten zusammengefasst: Es ist Dir
827 4388 4127 4591 manchmal gelungen einem Autor auf ein paar Stunden die
807 4559 4141 4814 Stimmung zu verderben; Fferner mag es manchmal vorgekom¬
805 4778 4296 4993 men sein, dass Deine Feuilletons, dadurch, dass sie in einem
829 4992 4190 5200 weit verbreiteten Blatt erschienen sind, manchen Stücken
816 5179 3996 5424 höheren Ranges in Wien ein ungünstiges Vorurteil be¬
830 5396 4247 5628 reitet und sie dadurch geschäftlich geschädigt haben. Aber
