4132 4066
671 1313 3349 1470 Lieber Arthur, bin Mittwoch mit
797 1465 3179 1640 Van Jung leider zu spät hereinge¬
573 1593 3451 1820 kommen und habe sehr bedauert,
573 1734 3403 1981 Sie nicht mehr sehen zu können.
671 1892 3179 2094 Bin seit heute früh hier, Linzer¬
573 2074 2797 2267 straße 74 bei Frau Sandholzer.
573 2202 3456 2452 Vielleicht kommen Sie einmal her,
829 2361 3256 2596 oder ich nach Ischl. Jedenfalls
543 2510 3191 2769 verständigen wir uns vorher davon.
1254 2831 1980 2930 Herzlich
2504 2877 2889 2945 Salten
