3759 5941
2164 1187 2976 1269 Wien, 4. Mai 99
504 2027 3324 2265 Lieber Freund, von Hirschfeld höre ich eben, dass Sie
480 2207 3384 2485 hier sind. Ich schrieb Ihnen nach Berlin, - haben
484 2375 3296 2689 Sie meinen Brief bekommen? Heute Abend
488 2599 3400 2893 verreise ich auf ein paar Tage, nach Dresden.
476 2815 3292 3077 Ich sage Ihnen bald noch näheres darüber. Wenn
484 3015 3396 3277 ich wiederkomme, such ich Sie gleich auf. Inzwischen
480 3279 1964 3457 grüße ich Sie herzlichst
1992 3411 2608 3501 Ihr Salten
624 3763 3308 3953 Ich bin sehr verstimmt und sehr, sehr nervös.
