2894 4948
508 1086 759 1231 Lieber,
787 1148 2381 1322 es tut uns herzlich leid, dass der arme Heini
468 1253 2384 1422 von diesem bösen Husten geplagt, ist, und dass Sie wie
484 1365 2370 1520 Frau Olga nun auch diese Sorge haben. Wir wüſsten
480 1468 2310 1623 sehr gerne, wie es Heini geht, und wären für eine
487 1580 1191 1718 Nachricht dankbar!
799 1627 2331 1783 Annerle hat uns vor ein paar Tagen einen
484 1740 2353 1890 großen Schreck bereitet, indem sie über 40° Fieber
482 1830 2284 1978 bekam. Zweimal. Der Arzt glaubt, an Malaria,
480 1933 1761 2057 was sich heute entscheiden müſste.
811 2009 2358 2181 Wir reisen Donnerstag früh und sind freitag
506 2114 926 2245 in Landro!
1172 2174 2358 2327 Alles herzliche von uns zu Ihnen
1888 2281 2040 2396 Ihr
1995 2379 2329 2527 Salten
499 2501 1188 2680 Grado, 12. Juli 09
