<?xml version="1.0" encoding="UTF-8" standalone="yes"?>
<PcGts xmlns="http://schema.primaresearch.org/PAGE/gts/pagecontent/2013-07-15" xmlns:xsi="http://www.w3.org/2001/XMLSchema-instance" xsi:schemaLocation="http://schema.primaresearch.org/PAGE/gts/pagecontent/2013-07-15 http://schema.primaresearch.org/PAGE/gts/pagecontent/2013-07-15/pagecontent.xsd">
    <Metadata>
        <Creator>Transkribus</Creator>
        <Created>2023-01-18T10:26:07.845+01:00</Created>
        <LastChange>2023-07-06T16:15:42.013+02:00</LastChange>
        <TranskribusMetadata docId="1297600" pageId="51644685" pageNr="126" tsid="129033218" status="IN_PROGRESS" userId="100952" imgUrl="https://files.transkribus.eu/Get?id=EOULMAXXXCTSERCOCZLBFHBJ&amp;fileType=view" xmlUrl="https://files.transkribus.eu/Get?id=UXENYDJEHSVQCFSHPWNUAOLZ" imageId="42229123"/>
    </Metadata>
    <Page imageFilename="MS-SCHNITZLER-B-00089-A-00002-000-00077-R.tif" imageWidth="6240" imageHeight="8354">
        <ReadingOrder>
            <OrderedGroup id="ro_1695210541441" caption="Regions reading order">
                <RegionRefIndexed index="0" regionRef="region_1688386513542_66"/>
                <RegionRefIndexed index="1" regionRef="tr_2"/>
            </OrderedGroup>
        </ReadingOrder>
        <TextRegion type="paragraph" id="region_1688386513542_66" custom="readingOrder {index:0;} structure {type:paragraph;}">
            <Coords points="3966,1292 3966,1574 5601,1574 5601,1292"/>
            <TextLine id="line_1688386513673_69" custom="readingOrder {index:0;} dateline {offset:0; length:23;} opener {offset:0; length:23;} pre-print {offset:0; length:6;} place {offset:0; length:4;} capitals {offset:0; length:4;} letter-begin {offset:0; length:0;} date {offset:6; length:16;} pre-print {offset:18; length:3;}">
                <Coords points="3966,1292 5601,1292 5601,1574 3966,1574"/>
                <TextEquiv>
                    <Unicode>Wien, 4. Septemb. 1902.</Unicode>
                </TextEquiv>
            </TextLine>
            <TextEquiv>
                <Unicode>Wien, 4. Septemb. 1902.</Unicode>
            </TextEquiv>
        </TextRegion>
        <TextRegion id="tr_2" custom="readingOrder {index:1;}">
            <Coords points="668,3006 5853,3006 5853,6807 668,6807"/>
            <TextLine id="tr_1_tl_14" custom="readingOrder {index:0;} salute {offset:0; length:6;} comment {offset:10; length:2;comment:Briefkopf;}">
                <Coords points="1112,3007 1132,3003 1192,2999 1252,2999 1312,2999 1372,2999 1432,3003 1492,3003 1552,3003 1612,3003 1672,2991 1732,2991 1792,2987 1852,2983 1912,2983 1972,2979 2032,2979 2092,2979 2152,2975 2212,2979 2272,2979 2332,2979 2392,2975 2452,2971 2512,2967 2572,2967 2632,2963 2692,2963 2752,2959 2812,2955 2872,2955 2932,2955 2992,2951 3052,2947 3112,2947 3172,2943 3232,2943 3292,2943 3352,2943 3412,2939 3472,2939 3532,2939 3592,2939 3652,2935 3712,2931 3772,2927 3832,2923 3892,2919 3952,2915 4012,2915 4072,2911 4132,2911 4193,2907 4253,2907 4313,2903 4373,2895 4433,2895 4493,2895 4553,2895 4613,2895 4673,2895 4733,2887 4793,2887 4853,2883 4913,2879 4973,2879 5033,2875 5093,2871 5153,2867 5213,2863 5273,2859 5333,2855 5393,2851 5453,2847 5513,2839 5573,2835 5633,2831 5693,2831 5753,2827 5753,2877 5693,2881 5633,2881 5573,2885 5513,2889 5453,2897 5393,2901 5333,2905 5273,2909 5213,2913 5153,2917 5093,2921 5033,2925 4973,2929 4913,2929 4853,2933 4793,2937 4733,2937 4673,2945 4613,2945 4553,2945 4493,2945 4433,2945 4373,2945 4313,2953 4253,2957 4193,2957 4132,2961 4072,2961 4012,2965 3952,2965 3892,2969 3832,2973 3772,2977 3712,2981 3652,2985 3592,2989 3532,2989 3472,2989 3412,2989 3352,2993 3292,2993 3232,2993 3172,2993 3112,2997 3052,2997 2992,3001 2932,3005 2872,3005 2812,3005 2752,3009 2692,3013 2632,3013 2572,3017 2512,3017 2452,3021 2392,3025 2332,3029 2272,3029 2212,3029 2152,3025 2092,3029 2032,3029 1972,3029 1912,3033 1852,3033 1792,3037 1732,3041 1672,3041 1612,3053 1552,3053 1492,3053 1432,3053 1372,3049 1312,3049 1252,3049 1192,3049 1132,3053 1112,3057"/>
                <Baseline points="1112,3052 1132,3048 1192,3044 1252,3044 1312,3044 1372,3044 1432,3048 1492,3048 1552,3048 1612,3048 1672,3036 1732,3036 1792,3032 1852,3028 1912,3028 1972,3024 2032,3024 2092,3024 2152,3020 2212,3024 2272,3024 2332,3024 2392,3020 2452,3016 2512,3012 2572,3012 2632,3008 2692,3008 2752,3004 2812,3000 2872,3000 2932,3000 2992,2996 3052,2992 3112,2992 3172,2988 3232,2988 3292,2988 3352,2988 3412,2984 3472,2984 3532,2984 3592,2984 3652,2980 3712,2976 3772,2972 3832,2968 3892,2964 3952,2960 4012,2960 4072,2956 4132,2956 4193,2952 4253,2952 4313,2948 4373,2940 4433,2940 4493,2940 4553,2940 4613,2940 4673,2940 4733,2932 4793,2932 4853,2928 4913,2924 4973,2924 5033,2920 5093,2916 5153,2912 5213,2908 5273,2904 5333,2900 5393,2896 5453,2892 5513,2884 5573,2880 5633,2876 5693,2876 5753,2872"/>
                <TextEquiv>
                    <Unicode>Lieber, gleich als Ihr Brief kam, schrieb ich Ihnen mit dem Vermerk auf dem</Unicode>
                </TextEquiv>
            </TextLine>
            <TextLine id="tr_2_tl_1" custom="readingOrder {index:1;}">
                <Coords points="756,3279 796,3283 856,3279 916,3275 976,3275 1036,3275 1096,3271 1156,3275 1216,3267 1276,3263 1336,3259 1396,3255 1456,3251 1516,3243 1576,3239 1636,3239 1696,3235 1756,3231 1816,3227 1876,3223 1936,3219 1996,3215 2056,3207 2116,3203 2176,3203 2236,3199 2296,3195 2356,3191 2416,3187 2476,3183 2536,3175 2596,3171 2656,3167 2716,3167 2776,3167 2836,3163 2896,3163 2956,3159 3016,3155 3076,3151 3136,3147 3196,3143 3256,3139 3316,3135 3376,3135 3436,3135 3496,3135 3556,3135 3616,3127 3676,3127 3736,3123 3796,3115 3856,3103 3916,3103 3976,3099 4036,3095 4096,3091 4156,3087 4217,3087 4277,3083 4337,3079 4397,3075 4457,3071 4517,3071 4577,3071 4637,3071 4697,3067 4757,3063 4817,3063 4877,3059 4937,3051 4997,3047 5057,3043 5117,3039 5177,3035 5237,3031 5297,3027 5357,3023 5417,3023 5477,3015 5537,3015 5597,3011 5657,3011 5657,3061 5597,3061 5537,3065 5477,3065 5417,3073 5357,3073 5297,3077 5237,3081 5177,3085 5117,3089 5057,3093 4997,3097 4937,3101 4877,3109 4817,3113 4757,3113 4697,3117 4637,3121 4577,3121 4517,3121 4457,3121 4397,3125 4337,3129 4277,3133 4217,3137 4156,3137 4096,3141 4036,3145 3976,3149 3916,3153 3856,3153 3796,3165 3736,3173 3676,3177 3616,3177 3556,3185 3496,3185 3436,3185 3376,3185 3316,3185 3256,3189 3196,3193 3136,3197 3076,3201 3016,3205 2956,3209 2896,3213 2836,3213 2776,3217 2716,3217 2656,3217 2596,3221 2536,3225 2476,3233 2416,3237 2356,3241 2296,3245 2236,3249 2176,3253 2116,3253 2056,3257 1996,3265 1936,3269 1876,3273 1816,3277 1756,3281 1696,3285 1636,3289 1576,3289 1516,3293 1456,3301 1396,3305 1336,3309 1276,3313 1216,3317 1156,3325 1096,3321 1036,3325 976,3325 916,3325 856,3329 796,3333 756,3329"/>
                <Baseline points="756,3324 796,3328 856,3324 916,3320 976,3320 1036,3320 1096,3316 1156,3320 1216,3312 1276,3308 1336,3304 1396,3300 1456,3296 1516,3288 1576,3284 1636,3284 1696,3280 1756,3276 1816,3272 1876,3268 1936,3264 1996,3260 2056,3252 2116,3248 2176,3248 2236,3244 2296,3240 2356,3236 2416,3232 2476,3228 2536,3220 2596,3216 2656,3212 2716,3212 2776,3212 2836,3208 2896,3208 2956,3204 3016,3200 3076,3196 3136,3192 3196,3188 3256,3184 3316,3180 3376,3180 3436,3180 3496,3180 3556,3180 3616,3172 3676,3172 3736,3168 3796,3160 3856,3148 3916,3148 3976,3144 4036,3140 4096,3136 4156,3132 4217,3132 4277,3128 4337,3124 4397,3120 4457,3116 4517,3116 4577,3116 4637,3116 4697,3112 4757,3108 4817,3108 4877,3104 4937,3096 4997,3092 5057,3088 5117,3084 5177,3080 5237,3076 5297,3072 5357,3068 5417,3068 5477,3060 5537,3060 5597,3056 5657,3056"/>
                <TextEquiv>
                    <Unicode>Couvert, der Brief solle Ihnen nachgesendet werden. Telefonisch konnte ich Sie nicht</Unicode>
                </TextEquiv>
            </TextLine>
            <TextLine id="tr_2_tl_2" custom="readingOrder {index:2;}">
                <Coords points="724,3487 732,3487 792,3483 852,3483 912,3479 972,3479 1032,3475 1092,3471 1152,3471 1212,3463 1272,3459 1332,3455 1392,3451 1452,3451 1512,3447 1572,3443 1632,3443 1692,3435 1752,3423 1812,3419 1872,3415 1932,3415 1992,3411 2052,3403 2112,3399 2172,3399 2232,3395 2292,3395 2352,3391 2412,3387 2472,3383 2532,3379 2592,3379 2652,3375 2712,3371 2772,3367 2832,3363 2892,3359 2952,3359 3012,3355 3072,3355 3132,3347 3192,3343 3252,3339 3312,3335 3372,3327 3432,3323 3492,3319 3552,3307 3612,3299 3672,3295 3732,3287 3792,3279 3852,3275 3912,3271 3972,3267 4032,3267 4092,3263 4152,3263 4213,3255 4273,3255 4333,3251 4393,3247 4453,3243 4513,3239 4573,3235 4633,3235 4693,3231 4753,3231 4813,3227 4873,3219 4933,3211 4993,3207 5053,3203 5113,3195 5173,3195 5233,3191 5293,3187 5353,3187 5413,3183 5473,3183 5533,3179 5593,3179 5653,3179 5713,3187 5713,3237 5653,3229 5593,3229 5533,3229 5473,3233 5413,3233 5353,3237 5293,3237 5233,3241 5173,3245 5113,3245 5053,3253 4993,3257 4933,3261 4873,3269 4813,3277 4753,3281 4693,3281 4633,3285 4573,3285 4513,3289 4453,3293 4393,3297 4333,3301 4273,3305 4213,3305 4152,3313 4092,3313 4032,3317 3972,3317 3912,3321 3852,3325 3792,3329 3732,3337 3672,3345 3612,3349 3552,3357 3492,3369 3432,3373 3372,3377 3312,3385 3252,3389 3192,3393 3132,3397 3072,3405 3012,3405 2952,3409 2892,3409 2832,3413 2772,3417 2712,3421 2652,3425 2592,3429 2532,3429 2472,3433 2412,3437 2352,3441 2292,3445 2232,3445 2172,3449 2112,3449 2052,3453 1992,3461 1932,3465 1872,3465 1812,3469 1752,3473 1692,3485 1632,3493 1572,3493 1512,3497 1452,3501 1392,3501 1332,3505 1272,3509 1212,3513 1152,3521 1092,3521 1032,3525 972,3529 912,3529 852,3533 792,3533 732,3537 724,3537"/>
                <Baseline points="724,3532 732,3532 792,3528 852,3528 912,3524 972,3524 1032,3520 1092,3516 1152,3516 1212,3508 1272,3504 1332,3500 1392,3496 1452,3496 1512,3492 1572,3488 1632,3488 1692,3480 1752,3468 1812,3464 1872,3460 1932,3460 1992,3456 2052,3448 2112,3444 2172,3444 2232,3440 2292,3440 2352,3436 2412,3432 2472,3428 2532,3424 2592,3424 2652,3420 2712,3416 2772,3412 2832,3408 2892,3404 2952,3404 3012,3400 3072,3400 3132,3392 3192,3388 3252,3384 3312,3380 3372,3372 3432,3368 3492,3364 3552,3352 3612,3344 3672,3340 3732,3332 3792,3324 3852,3320 3912,3316 3972,3312 4032,3312 4092,3308 4152,3308 4213,3300 4273,3300 4333,3296 4393,3292 4453,3288 4513,3284 4573,3280 4633,3280 4693,3276 4753,3276 4813,3272 4873,3264 4933,3256 4993,3252 5053,3248 5113,3240 5173,3240 5233,3236 5293,3232 5353,3232 5413,3228 5473,3228 5533,3224 5593,3224 5653,3224 5713,3232"/>
                <TextEquiv>
                    <Unicode>mehr erreichen - Sie waren schon abgereist. Jetzt weiß ich nicht, ob mein erstes</Unicode>
                </TextEquiv>
            </TextLine>
            <TextLine id="tr_2_tl_3" custom="readingOrder {index:3;}">
                <Coords points="708,3659 756,3655 816,3655 876,3651 936,3647 996,3643 1056,3639 1116,3631 1176,3627 1236,3627 1296,3619 1356,3615 1416,3611 1476,3607 1536,3603 1596,3599 1656,3591 1716,3587 1776,3583 1836,3579 1896,3579 1956,3575 2016,3575 2076,3563 2136,3559 2196,3555 2256,3551 2316,3551 2376,3551 2436,3551 2496,3539 2556,3539 2616,3535 2676,3527 2736,3527 2796,3523 2856,3519 2916,3511 2976,3507 3036,3507 3096,3503 3156,3499 3216,3499 3276,3495 3336,3491 3396,3487 3456,3483 3516,3479 3576,3471 3636,3471 3696,3463 3756,3459 3816,3451 3876,3451 3936,3443 3996,3443 4056,3439 4116,3443 4177,3439 4237,3439 4297,3431 4357,3427 4417,3423 4477,3419 4537,3415 4597,3415 4657,3411 4717,3407 4777,3403 4837,3399 4897,3395 4957,3387 5017,3383 5077,3379 5137,3375 5197,3367 5257,3367 5317,3367 5377,3367 5437,3363 5497,3359 5557,3359 5617,3359 5677,3359 5737,3363 5797,3367 5797,3417 5737,3413 5677,3409 5617,3409 5557,3409 5497,3409 5437,3413 5377,3417 5317,3417 5257,3417 5197,3417 5137,3425 5077,3429 5017,3433 4957,3437 4897,3445 4837,3449 4777,3453 4717,3457 4657,3461 4597,3465 4537,3465 4477,3469 4417,3473 4357,3477 4297,3481 4237,3489 4177,3489 4116,3493 4056,3489 3996,3493 3936,3493 3876,3501 3816,3501 3756,3509 3696,3513 3636,3521 3576,3521 3516,3529 3456,3533 3396,3537 3336,3541 3276,3545 3216,3549 3156,3549 3096,3553 3036,3557 2976,3557 2916,3561 2856,3569 2796,3573 2736,3577 2676,3577 2616,3585 2556,3589 2496,3589 2436,3601 2376,3601 2316,3601 2256,3601 2196,3605 2136,3609 2076,3613 2016,3625 1956,3625 1896,3629 1836,3629 1776,3633 1716,3637 1656,3641 1596,3649 1536,3653 1476,3657 1416,3661 1356,3665 1296,3669 1236,3677 1176,3677 1116,3681 1056,3689 996,3693 936,3697 876,3701 816,3705 756,3705 708,3709"/>
                <Baseline points="708,3704 756,3700 816,3700 876,3696 936,3692 996,3688 1056,3684 1116,3676 1176,3672 1236,3672 1296,3664 1356,3660 1416,3656 1476,3652 1536,3648 1596,3644 1656,3636 1716,3632 1776,3628 1836,3624 1896,3624 1956,3620 2016,3620 2076,3608 2136,3604 2196,3600 2256,3596 2316,3596 2376,3596 2436,3596 2496,3584 2556,3584 2616,3580 2676,3572 2736,3572 2796,3568 2856,3564 2916,3556 2976,3552 3036,3552 3096,3548 3156,3544 3216,3544 3276,3540 3336,3536 3396,3532 3456,3528 3516,3524 3576,3516 3636,3516 3696,3508 3756,3504 3816,3496 3876,3496 3936,3488 3996,3488 4056,3484 4116,3488 4177,3484 4237,3484 4297,3476 4357,3472 4417,3468 4477,3464 4537,3460 4597,3460 4657,3456 4717,3452 4777,3448 4837,3444 4897,3440 4957,3432 5017,3428 5077,3424 5137,3420 5197,3412 5257,3412 5317,3412 5377,3412 5437,3408 5497,3404 5557,3404 5617,3404 5677,3404 5737,3408 5797,3412"/>
                <TextEquiv>
                    <Unicode>Schreiben Sie erreicht hat, und so sage ich Ihnen hier das Wesentliche noch</Unicode>
                </TextEquiv>
            </TextLine>
            <TextLine id="tr_2_tl_4" custom="readingOrder {index:4;} textStyle {offset:43; length:1;superscript:true;} person {offset:45; length:6;}">
                <Coords points="724,3839 752,3843 812,3843 872,3839 932,3831 992,3827 1052,3819 1112,3811 1172,3807 1232,3811 1292,3807 1352,3799 1412,3799 1472,3791 1532,3779 1592,3771 1652,3767 1712,3763 1772,3755 1832,3751 1892,3747 1952,3747 2012,3743 2072,3743 2132,3739 2192,3735 2252,3731 2312,3727 2372,3723 2432,3719 2492,3715 2552,3711 2612,3711 2672,3703 2732,3703 2792,3699 2852,3699 2912,3695 2972,3695 3032,3691 3092,3687 3152,3687 3212,3683 3272,3679 3332,3675 3392,3671 3452,3667 3512,3663 3572,3659 3632,3655 3692,3647 3752,3643 3812,3635 3872,3631 3932,3627 3992,3627 4052,3627 4112,3623 4172,3619 4233,3615 4293,3611 4353,3611 4413,3607 4473,3603 4533,3599 4593,3599 4653,3595 4713,3591 4773,3587 4833,3583 4893,3579 4953,3571 5013,3567 5073,3563 5133,3555 5193,3555 5253,3551 5313,3551 5373,3547 5433,3547 5493,3543 5553,3539 5613,3535 5673,3535 5733,3535 5793,3535 5853,3539 5853,3589 5793,3585 5733,3585 5673,3585 5613,3585 5553,3589 5493,3593 5433,3597 5373,3597 5313,3601 5253,3601 5193,3605 5133,3605 5073,3613 5013,3617 4953,3621 4893,3629 4833,3633 4773,3637 4713,3641 4653,3645 4593,3649 4533,3649 4473,3653 4413,3657 4353,3661 4293,3661 4233,3665 4172,3669 4112,3673 4052,3677 3992,3677 3932,3677 3872,3681 3812,3685 3752,3693 3692,3697 3632,3705 3572,3709 3512,3713 3452,3717 3392,3721 3332,3725 3272,3729 3212,3733 3152,3737 3092,3737 3032,3741 2972,3745 2912,3745 2852,3749 2792,3749 2732,3753 2672,3753 2612,3761 2552,3761 2492,3765 2432,3769 2372,3773 2312,3777 2252,3781 2192,3785 2132,3789 2072,3793 2012,3793 1952,3797 1892,3797 1832,3801 1772,3805 1712,3813 1652,3817 1592,3821 1532,3829 1472,3841 1412,3849 1352,3849 1292,3857 1232,3861 1172,3857 1112,3861 1052,3869 992,3877 932,3881 872,3889 812,3893 752,3893 724,3889"/>
                <Baseline points="724,3884 752,3888 812,3888 872,3884 932,3876 992,3872 1052,3864 1112,3856 1172,3852 1232,3856 1292,3852 1352,3844 1412,3844 1472,3836 1532,3824 1592,3816 1652,3812 1712,3808 1772,3800 1832,3796 1892,3792 1952,3792 2012,3788 2072,3788 2132,3784 2192,3780 2252,3776 2312,3772 2372,3768 2432,3764 2492,3760 2552,3756 2612,3756 2672,3748 2732,3748 2792,3744 2852,3744 2912,3740 2972,3740 3032,3736 3092,3732 3152,3732 3212,3728 3272,3724 3332,3720 3392,3716 3452,3712 3512,3708 3572,3704 3632,3700 3692,3692 3752,3688 3812,3680 3872,3676 3932,3672 3992,3672 4052,3672 4112,3668 4172,3664 4233,3660 4293,3656 4353,3656 4413,3652 4473,3648 4533,3644 4593,3644 4653,3640 4713,3636 4773,3632 4833,3628 4893,3624 4953,3616 5013,3612 5073,3608 5133,3600 5193,3600 5253,3596 5313,3596 5373,3592 5433,3592 5493,3588 5553,3584 5613,3580 5673,3580 5733,3580 5793,3580 5853,3584"/>
                <TextEquiv>
                    <Unicode>einmal: 1) Die 80 Kr. waren ein Versehen. Dr Kanner hat einfach vergessen, dem</Unicode>
                </TextEquiv>
            </TextLine>
            <TextLine id="tr_2_tl_5" custom="readingOrder {index:5;} person {offset:6; length:6;}">
                <Coords points="708,4019 720,4015 780,4015 840,4011 900,4007 960,4003 1020,3995 1080,3991 1140,3987 1200,3983 1260,3979 1320,3979 1380,3975 1440,3967 1500,3959 1560,3955 1620,3951 1680,3943 1740,3939 1800,3931 1860,3927 1920,3923 1980,3919 2040,3911 2100,3907 2160,3903 2220,3895 2280,3891 2340,3883 2400,3879 2460,3875 2520,3871 2580,3871 2640,3867 2700,3863 2760,3863 2820,3859 2880,3863 2940,3859 3000,3859 3060,3855 3120,3851 3180,3847 3240,3847 3300,3847 3360,3843 3420,3843 3480,3839 3540,3839 3600,3835 3660,3827 3720,3827 3780,3819 3840,3811 3900,3807 3960,3799 4020,3795 4080,3791 4140,3787 4201,3783 4261,3779 4321,3779 4381,3775 4441,3771 4501,3767 4561,3767 4621,3771 4681,3763 4741,3755 4801,3751 4861,3751 4921,3747 4981,3739 5041,3735 5101,3731 5161,3727 5221,3727 5281,3719 5341,3711 5401,3707 5461,3703 5521,3699 5521,3749 5461,3753 5401,3757 5341,3761 5281,3769 5221,3777 5161,3777 5101,3781 5041,3785 4981,3789 4921,3797 4861,3801 4801,3801 4741,3805 4681,3813 4621,3821 4561,3817 4501,3817 4441,3821 4381,3825 4321,3829 4261,3829 4201,3833 4140,3837 4080,3841 4020,3845 3960,3849 3900,3857 3840,3861 3780,3869 3720,3877 3660,3877 3600,3885 3540,3889 3480,3889 3420,3893 3360,3893 3300,3897 3240,3897 3180,3897 3120,3901 3060,3905 3000,3909 2940,3909 2880,3913 2820,3909 2760,3913 2700,3913 2640,3917 2580,3921 2520,3921 2460,3925 2400,3929 2340,3933 2280,3941 2220,3945 2160,3953 2100,3957 2040,3961 1980,3969 1920,3973 1860,3977 1800,3981 1740,3989 1680,3993 1620,4001 1560,4005 1500,4009 1440,4017 1380,4025 1320,4029 1260,4029 1200,4033 1140,4037 1080,4041 1020,4045 960,4053 900,4057 840,4061 780,4065 720,4065 708,4069"/>
                <Baseline points="708,4064 720,4060 780,4060 840,4056 900,4052 960,4048 1020,4040 1080,4036 1140,4032 1200,4028 1260,4024 1320,4024 1380,4020 1440,4012 1500,4004 1560,4000 1620,3996 1680,3988 1740,3984 1800,3976 1860,3972 1920,3968 1980,3964 2040,3956 2100,3952 2160,3948 2220,3940 2280,3936 2340,3928 2400,3924 2460,3920 2520,3916 2580,3916 2640,3912 2700,3908 2760,3908 2820,3904 2880,3908 2940,3904 3000,3904 3060,3900 3120,3896 3180,3892 3240,3892 3300,3892 3360,3888 3420,3888 3480,3884 3540,3884 3600,3880 3660,3872 3720,3872 3780,3864 3840,3856 3900,3852 3960,3844 4020,3840 4080,3836 4140,3832 4201,3828 4261,3824 4321,3824 4381,3820 4441,3816 4501,3812 4561,3812 4621,3816 4681,3808 4741,3800 4801,3796 4861,3796 4921,3792 4981,3784 5041,3780 5101,3776 5161,3772 5221,3772 5281,3764 5341,3756 5401,3752 5461,3748 5521,3744"/>
                <TextEquiv>
                    <Unicode>Prof. Singer von Ihrem Honorar Mittheilung zu machen. 2.) In dem jetzt</Unicode>
                </TextEquiv>
            </TextLine>
            <TextLine id="tr_2_tl_6" custom="readingOrder {index:6;}">
                <Coords points="696,4208 748,4208 808,4204 868,4200 928,4196 988,4188 1048,4184 1108,4180 1168,4176 1228,4168 1288,4164 1348,4160 1408,4156 1468,4152 1528,4144 1588,4132 1648,4127 1708,4123 1768,4115 1828,4111 1888,4103 1948,4099 2008,4095 2068,4091 2128,4087 2188,4083 2248,4079 2308,4075 2368,4071 2428,4063 2488,4063 2548,4059 2608,4055 2668,4051 2728,4047 2788,4043 2848,4035 2908,4031 2968,4031 3028,4027 3088,4023 3148,4019 3208,4019 3268,4019 3328,4015 3388,4007 3448,4003 3508,3999 3568,3995 3628,3991 3688,3983 3748,3979 3808,3979 3868,3971 3928,3971 3988,3967 4048,3963 4108,3959 4168,3959 4229,3951 4289,3947 4349,3947 4409,3943 4469,3947 4529,3943 4589,3939 4649,3935 4709,3931 4769,3931 4829,3927 4889,3923 4949,3919 5009,3911 5069,3911 5129,3907 5189,3903 5249,3903 5309,3895 5369,3887 5429,3879 5489,3875 5549,3875 5609,3875 5669,3875 5729,3875 5729,3925 5669,3925 5609,3925 5549,3925 5489,3925 5429,3929 5369,3937 5309,3945 5249,3953 5189,3953 5129,3957 5069,3961 5009,3961 4949,3969 4889,3973 4829,3977 4769,3981 4709,3981 4649,3985 4589,3989 4529,3993 4469,3997 4409,3993 4349,3997 4289,3997 4229,4001 4168,4009 4108,4009 4048,4013 3988,4017 3928,4021 3868,4021 3808,4029 3748,4029 3688,4033 3628,4041 3568,4045 3508,4049 3448,4053 3388,4057 3328,4065 3268,4069 3208,4069 3148,4069 3088,4073 3028,4077 2968,4081 2908,4081 2848,4085 2788,4093 2728,4097 2668,4101 2608,4105 2548,4109 2488,4113 2428,4113 2368,4121 2308,4125 2248,4129 2188,4133 2128,4137 2068,4141 2008,4145 1948,4149 1888,4153 1828,4161 1768,4165 1708,4173 1648,4177 1588,4182 1528,4194 1468,4202 1408,4206 1348,4210 1288,4214 1228,4218 1168,4226 1108,4230 1048,4234 988,4238 928,4246 868,4250 808,4254 748,4258 696,4258"/>
                <Baseline points="696,4253 748,4253 808,4249 868,4245 928,4241 988,4233 1048,4229 1108,4225 1168,4221 1228,4213 1288,4209 1348,4205 1408,4201 1468,4197 1528,4189 1588,4177 1648,4172 1708,4168 1768,4160 1828,4156 1888,4148 1948,4144 2008,4140 2068,4136 2128,4132 2188,4128 2248,4124 2308,4120 2368,4116 2428,4108 2488,4108 2548,4104 2608,4100 2668,4096 2728,4092 2788,4088 2848,4080 2908,4076 2968,4076 3028,4072 3088,4068 3148,4064 3208,4064 3268,4064 3328,4060 3388,4052 3448,4048 3508,4044 3568,4040 3628,4036 3688,4028 3748,4024 3808,4024 3868,4016 3928,4016 3988,4012 4048,4008 4108,4004 4168,4004 4229,3996 4289,3992 4349,3992 4409,3988 4469,3992 4529,3988 4589,3984 4649,3980 4709,3976 4769,3976 4829,3972 4889,3968 4949,3964 5009,3956 5069,3956 5129,3952 5189,3948 5249,3948 5309,3940 5369,3932 5429,3924 5489,3920 5549,3920 5609,3920 5669,3920 5729,3920"/>
                <TextEquiv>
                    <Unicode>herrschenden Arbeitstrubel ist ein solcher Irrthum begreiflich und kann</Unicode>
                </TextEquiv>
            </TextLine>
            <TextLine id="tr_2_tl_7" custom="readingOrder {index:7;}">
                <Coords points="668,4396 716,4392 776,4388 836,4384 896,4380 956,4376 1016,4368 1076,4360 1136,4352 1196,4344 1256,4340 1316,4336 1376,4332 1436,4328 1496,4324 1556,4320 1616,4308 1676,4304 1736,4304 1796,4304 1856,4292 1916,4284 1976,4276 2036,4272 2096,4264 2156,4260 2216,4256 2276,4248 2336,4240 2396,4236 2456,4232 2516,4228 2576,4224 2636,4220 2696,4216 2756,4216 2816,4220 2876,4212 2936,4204 2996,4200 3056,4204 3116,4196 3176,4192 3236,4188 3296,4188 3356,4184 3416,4176 3476,4168 3536,4160 3596,4156 3656,4152 3716,4148 3776,4144 3836,4140 3896,4136 3956,4132 4016,4132 4076,4123 4136,4119 4197,4111 4257,4111 4317,4107 4377,4103 4437,4099 4497,4099 4557,4095 4617,4095 4677,4091 4737,4087 4797,4087 4857,4079 4917,4079 4977,4075 5037,4071 5097,4063 5157,4063 5217,4055 5277,4051 5337,4043 5397,4039 5457,4031 5517,4027 5577,4023 5637,4023 5697,4015 5697,4065 5637,4073 5577,4073 5517,4077 5457,4081 5397,4089 5337,4093 5277,4101 5217,4105 5157,4113 5097,4113 5037,4121 4977,4125 4917,4129 4857,4129 4797,4137 4737,4137 4677,4141 4617,4145 4557,4145 4497,4149 4437,4149 4377,4153 4317,4157 4257,4161 4197,4161 4136,4169 4076,4173 4016,4182 3956,4182 3896,4186 3836,4190 3776,4194 3716,4198 3656,4202 3596,4206 3536,4210 3476,4218 3416,4226 3356,4234 3296,4238 3236,4238 3176,4242 3116,4246 3056,4254 2996,4250 2936,4254 2876,4262 2816,4270 2756,4266 2696,4266 2636,4270 2576,4274 2516,4278 2456,4282 2396,4286 2336,4290 2276,4298 2216,4306 2156,4310 2096,4314 2036,4322 1976,4326 1916,4334 1856,4342 1796,4354 1736,4354 1676,4354 1616,4358 1556,4370 1496,4374 1436,4378 1376,4382 1316,4386 1256,4390 1196,4394 1136,4402 1076,4410 1016,4418 956,4426 896,4430 836,4434 776,4438 716,4442 668,4446"/>
                <Baseline points="668,4441 716,4437 776,4433 836,4429 896,4425 956,4421 1016,4413 1076,4405 1136,4397 1196,4389 1256,4385 1316,4381 1376,4377 1436,4373 1496,4369 1556,4365 1616,4353 1676,4349 1736,4349 1796,4349 1856,4337 1916,4329 1976,4321 2036,4317 2096,4309 2156,4305 2216,4301 2276,4293 2336,4285 2396,4281 2456,4277 2516,4273 2576,4269 2636,4265 2696,4261 2756,4261 2816,4265 2876,4257 2936,4249 2996,4245 3056,4249 3116,4241 3176,4237 3236,4233 3296,4233 3356,4229 3416,4221 3476,4213 3536,4205 3596,4201 3656,4197 3716,4193 3776,4189 3836,4185 3896,4181 3956,4177 4016,4177 4076,4168 4136,4164 4197,4156 4257,4156 4317,4152 4377,4148 4437,4144 4497,4144 4557,4140 4617,4140 4677,4136 4737,4132 4797,4132 4857,4124 4917,4124 4977,4120 5037,4116 5097,4108 5157,4108 5217,4100 5277,4096 5337,4088 5397,4084 5457,4076 5517,4072 5577,4068 5637,4068 5697,4060"/>
                <TextEquiv>
                    <Unicode>nichts Verletzendes für Sie haben. 3.) Die restlichen 120 Kr. wurden sofort</Unicode>
                </TextEquiv>
            </TextLine>
            <TextLine id="tr_2_tl_8" custom="readingOrder {index:8;} work {offset:47; length:7;}">
                <Coords points="716,4576 744,4576 804,4576 864,4576 924,4572 984,4568 1044,4560 1104,4552 1164,4544 1224,4540 1284,4532 1344,4524 1404,4520 1464,4512 1524,4504 1584,4500 1644,4492 1704,4492 1764,4488 1824,4484 1884,4476 1944,4464 2004,4456 2064,4456 2124,4448 2184,4440 2244,4436 2304,4432 2364,4428 2424,4424 2484,4420 2544,4416 2604,4416 2664,4412 2724,4408 2784,4408 2844,4404 2904,4396 2964,4388 3024,4380 3084,4380 3144,4376 3204,4368 3264,4360 3324,4356 3384,4352 3444,4348 3504,4344 3564,4340 3624,4336 3684,4336 3744,4332 3804,4328 3864,4328 3924,4324 3984,4316 4044,4312 4104,4304 4164,4304 4225,4296 4285,4296 4345,4292 4405,4292 4465,4288 4525,4280 4585,4276 4645,4276 4705,4272 4765,4276 4825,4272 4885,4264 4945,4260 5005,4256 5065,4252 5125,4244 5185,4236 5245,4232 5305,4224 5365,4220 5425,4220 5485,4212 5545,4212 5605,4212 5665,4212 5725,4212 5785,4212 5845,4220 5845,4270 5785,4262 5725,4262 5665,4262 5605,4262 5545,4262 5485,4262 5425,4270 5365,4270 5305,4274 5245,4282 5185,4286 5125,4294 5065,4302 5005,4306 4945,4310 4885,4314 4825,4322 4765,4326 4705,4322 4645,4326 4585,4326 4525,4330 4465,4338 4405,4342 4345,4342 4285,4346 4225,4346 4164,4354 4104,4354 4044,4362 3984,4366 3924,4374 3864,4378 3804,4378 3744,4382 3684,4386 3624,4386 3564,4390 3504,4394 3444,4398 3384,4402 3324,4406 3264,4410 3204,4418 3144,4426 3084,4430 3024,4430 2964,4438 2904,4446 2844,4454 2784,4458 2724,4458 2664,4462 2604,4466 2544,4466 2484,4470 2424,4474 2364,4478 2304,4482 2244,4486 2184,4490 2124,4498 2064,4506 2004,4506 1944,4514 1884,4526 1824,4534 1764,4538 1704,4542 1644,4542 1584,4550 1524,4554 1464,4562 1404,4570 1344,4574 1284,4582 1224,4590 1164,4594 1104,4602 1044,4610 984,4618 924,4622 864,4626 804,4626 744,4626 716,4626"/>
                <Baseline points="716,4621 744,4621 804,4621 864,4621 924,4617 984,4613 1044,4605 1104,4597 1164,4589 1224,4585 1284,4577 1344,4569 1404,4565 1464,4557 1524,4549 1584,4545 1644,4537 1704,4537 1764,4533 1824,4529 1884,4521 1944,4509 2004,4501 2064,4501 2124,4493 2184,4485 2244,4481 2304,4477 2364,4473 2424,4469 2484,4465 2544,4461 2604,4461 2664,4457 2724,4453 2784,4453 2844,4449 2904,4441 2964,4433 3024,4425 3084,4425 3144,4421 3204,4413 3264,4405 3324,4401 3384,4397 3444,4393 3504,4389 3564,4385 3624,4381 3684,4381 3744,4377 3804,4373 3864,4373 3924,4369 3984,4361 4044,4357 4104,4349 4164,4349 4225,4341 4285,4341 4345,4337 4405,4337 4465,4333 4525,4325 4585,4321 4645,4321 4705,4317 4765,4321 4825,4317 4885,4309 4945,4305 5005,4301 5065,4297 5125,4289 5185,4281 5245,4277 5305,4269 5365,4265 5425,4265 5485,4257 5545,4257 5605,4257 5665,4257 5725,4257 5785,4257 5845,4265"/>
                <TextEquiv>
                    <Unicode>an Sie abgesandt. 4.) Ich hoffe, Sie haben die Novelle doch, wie verabredet,</Unicode>
                </TextEquiv>
            </TextLine>
            <TextLine id="tr_2_tl_9" custom="readingOrder {index:9;}">
                <Coords points="696,4768 748,4764 808,4756 868,4752 928,4752 988,4748 1048,4744 1108,4736 1168,4732 1228,4724 1288,4720 1348,4712 1408,4708 1468,4700 1528,4696 1588,4692 1648,4688 1708,4684 1768,4680 1828,4668 1888,4660 1948,4656 2008,4648 2068,4640 2128,4636 2188,4628 2248,4620 2308,4616 2368,4608 2428,4608 2488,4604 2548,4596 2608,4596 2668,4592 2728,4588 2788,4584 2848,4580 2908,4572 2968,4568 3028,4560 3088,4560 3148,4556 3208,4552 3268,4544 3328,4540 3388,4536 3448,4532 3508,4528 3568,4524 3628,4520 3688,4516 3748,4512 3808,4508 3868,4500 3928,4500 3988,4492 4048,4492 4108,4484 4168,4476 4229,4476 4289,4468 4349,4464 4409,4464 4469,4456 4529,4452 4589,4448 4649,4448 4709,4444 4769,4444 4829,4436 4889,4436 4949,4432 5009,4428 5069,4424 5129,4416 5189,4416 5249,4404 5309,4400 5369,4396 5429,4388 5489,4384 5549,4384 5609,4384 5669,4384 5729,4384 5789,4388 5849,4400 5849,4450 5789,4438 5729,4434 5669,4434 5609,4434 5549,4434 5489,4434 5429,4438 5369,4446 5309,4450 5249,4454 5189,4466 5129,4466 5069,4474 5009,4478 4949,4482 4889,4486 4829,4486 4769,4494 4709,4494 4649,4498 4589,4498 4529,4502 4469,4506 4409,4514 4349,4514 4289,4518 4229,4526 4168,4526 4108,4534 4048,4542 3988,4542 3928,4550 3868,4550 3808,4558 3748,4562 3688,4566 3628,4570 3568,4574 3508,4578 3448,4582 3388,4586 3328,4590 3268,4594 3208,4602 3148,4606 3088,4610 3028,4610 2968,4618 2908,4622 2848,4630 2788,4634 2728,4638 2668,4642 2608,4646 2548,4646 2488,4654 2428,4658 2368,4658 2308,4666 2248,4670 2188,4678 2128,4686 2068,4690 2008,4698 1948,4706 1888,4710 1828,4718 1768,4730 1708,4734 1648,4738 1588,4742 1528,4746 1468,4750 1408,4758 1348,4762 1288,4770 1228,4774 1168,4782 1108,4786 1048,4794 988,4798 928,4802 868,4802 808,4806 748,4814 696,4818"/>
                <Baseline points="696,4813 748,4809 808,4801 868,4797 928,4797 988,4793 1048,4789 1108,4781 1168,4777 1228,4769 1288,4765 1348,4757 1408,4753 1468,4745 1528,4741 1588,4737 1648,4733 1708,4729 1768,4725 1828,4713 1888,4705 1948,4701 2008,4693 2068,4685 2128,4681 2188,4673 2248,4665 2308,4661 2368,4653 2428,4653 2488,4649 2548,4641 2608,4641 2668,4637 2728,4633 2788,4629 2848,4625 2908,4617 2968,4613 3028,4605 3088,4605 3148,4601 3208,4597 3268,4589 3328,4585 3388,4581 3448,4577 3508,4573 3568,4569 3628,4565 3688,4561 3748,4557 3808,4553 3868,4545 3928,4545 3988,4537 4048,4537 4108,4529 4168,4521 4229,4521 4289,4513 4349,4509 4409,4509 4469,4501 4529,4497 4589,4493 4649,4493 4709,4489 4769,4489 4829,4481 4889,4481 4949,4477 5009,4473 5069,4469 5129,4461 5189,4461 5249,4449 5309,4445 5369,4441 5429,4433 5489,4429 5549,4429 5609,4429 5669,4429 5729,4429 5789,4433 5849,4445"/>
                <TextEquiv>
                    <Unicode>mitgenommen, und diesen Vorfall nicht zum Anlaß ergriffen, die Sache</Unicode>
                </TextEquiv>
            </TextLine>
            <TextLine id="tr_2_tl_10" custom="readingOrder {index:10;}">
                <Coords points="748,4960 772,4960 832,4960 892,4956 952,4956 1012,4956 1072,4956 1132,4956 1192,4952 1252,4940 1312,4936 1372,4924 1432,4916 1492,4912 1552,4904 1612,4896 1672,4892 1732,4892 1792,4884 1852,4876 1912,4872 1972,4864 2032,4864 2092,4848 2152,4844 2212,4832 2272,4824 2332,4820 2392,4816 2452,4812 2512,4808 2572,4808 2632,4796 2692,4792 2752,4788 2812,4780 2872,4776 2932,4772 2992,4772 3052,4764 3112,4760 3172,4760 3232,4756 3292,4756 3352,4748 3412,4740 3472,4732 3532,4728 3592,4724 3652,4720 3712,4716 3772,4712 3832,4708 3892,4704 3952,4700 4012,4692 4072,4688 4132,4688 4193,4684 4253,4684 4313,4680 4373,4680 4433,4672 4493,4664 4553,4660 4613,4656 4673,4652 4733,4648 4793,4644 4853,4640 4913,4636 4973,4632 5033,4632 5093,4628 5153,4624 5213,4620 5273,4616 5333,4608 5393,4604 5453,4600 5513,4596 5573,4596 5633,4596 5693,4596 5753,4596 5813,4604 5813,4654 5753,4646 5693,4646 5633,4646 5573,4646 5513,4646 5453,4650 5393,4654 5333,4658 5273,4666 5213,4670 5153,4674 5093,4678 5033,4682 4973,4682 4913,4686 4853,4690 4793,4694 4733,4698 4673,4702 4613,4706 4553,4710 4493,4714 4433,4722 4373,4730 4313,4730 4253,4734 4193,4734 4132,4738 4072,4738 4012,4742 3952,4750 3892,4754 3832,4758 3772,4762 3712,4766 3652,4770 3592,4774 3532,4778 3472,4782 3412,4790 3352,4798 3292,4806 3232,4806 3172,4810 3112,4810 3052,4814 2992,4822 2932,4822 2872,4826 2812,4830 2752,4838 2692,4842 2632,4846 2572,4858 2512,4858 2452,4862 2392,4866 2332,4870 2272,4874 2212,4882 2152,4894 2092,4898 2032,4914 1972,4914 1912,4922 1852,4926 1792,4934 1732,4942 1672,4942 1612,4946 1552,4954 1492,4962 1432,4966 1372,4974 1312,4986 1252,4990 1192,5002 1132,5006 1072,5006 1012,5006 952,5006 892,5006 832,5010 772,5010 748,5010"/>
                <Baseline points="748,5005 772,5005 832,5005 892,5001 952,5001 1012,5001 1072,5001 1132,5001 1192,4997 1252,4985 1312,4981 1372,4969 1432,4961 1492,4957 1552,4949 1612,4941 1672,4937 1732,4937 1792,4929 1852,4921 1912,4917 1972,4909 2032,4909 2092,4893 2152,4889 2212,4877 2272,4869 2332,4865 2392,4861 2452,4857 2512,4853 2572,4853 2632,4841 2692,4837 2752,4833 2812,4825 2872,4821 2932,4817 2992,4817 3052,4809 3112,4805 3172,4805 3232,4801 3292,4801 3352,4793 3412,4785 3472,4777 3532,4773 3592,4769 3652,4765 3712,4761 3772,4757 3832,4753 3892,4749 3952,4745 4012,4737 4072,4733 4132,4733 4193,4729 4253,4729 4313,4725 4373,4725 4433,4717 4493,4709 4553,4705 4613,4701 4673,4697 4733,4693 4793,4689 4853,4685 4913,4681 4973,4677 5033,4677 5093,4673 5153,4669 5213,4665 5273,4661 5333,4653 5393,4649 5453,4645 5513,4641 5573,4641 5633,4641 5693,4641 5753,4641 5813,4649"/>
                <TextEquiv>
                    <Unicode>beiseite zu legen. 5.) Es thut mir leid, dass Sie mich nicht einfach telef.</Unicode>
                </TextEquiv>
            </TextLine>
            <TextLine id="tr_2_tl_11" custom="readingOrder {index:11;}">
                <Coords points="748,5172 784,5168 844,5164 904,5164 964,5160 1024,5160 1084,5156 1144,5152 1204,5148 1264,5144 1324,5140 1384,5128 1444,5120 1504,5116 1564,5108 1624,5104 1684,5096 1744,5096 1804,5096 1864,5088 1924,5080 1984,5072 2044,5060 2104,5052 2164,5044 2224,5040 2284,5036 2344,5028 2404,5024 2464,5020 2524,5012 2584,5008 2644,5000 2704,4992 2764,4988 2824,4984 2884,4980 2944,4976 3004,4972 3064,4964 3124,4960 3184,4952 3244,4948 3304,4944 3364,4940 3424,4932 3484,4928 3544,4924 3604,4920 3664,4912 3724,4908 3784,4900 3844,4896 3904,4888 3964,4888 4024,4880 4084,4880 4144,4876 4205,4872 4265,4868 4325,4864 4385,4860 4445,4856 4505,4848 4565,4844 4625,4840 4685,4836 4745,4828 4805,4824 4865,4816 4925,4816 4985,4808 5045,4804 5105,4800 5165,4804 5225,4804 5285,4800 5345,4796 5405,4796 5465,4792 5525,4784 5585,4784 5645,4784 5705,4784 5765,4784 5825,4788 5825,4838 5765,4834 5705,4834 5645,4834 5585,4834 5525,4834 5465,4842 5405,4846 5345,4846 5285,4850 5225,4854 5165,4854 5105,4850 5045,4854 4985,4858 4925,4866 4865,4866 4805,4874 4745,4878 4685,4886 4625,4890 4565,4894 4505,4898 4445,4906 4385,4910 4325,4914 4265,4918 4205,4922 4144,4926 4084,4930 4024,4930 3964,4938 3904,4938 3844,4946 3784,4950 3724,4958 3664,4962 3604,4970 3544,4974 3484,4978 3424,4982 3364,4990 3304,4994 3244,4998 3184,5002 3124,5010 3064,5014 3004,5022 2944,5026 2884,5030 2824,5034 2764,5038 2704,5042 2644,5050 2584,5058 2524,5062 2464,5070 2404,5074 2344,5078 2284,5086 2224,5090 2164,5094 2104,5102 2044,5110 1984,5122 1924,5130 1864,5138 1804,5146 1744,5146 1684,5146 1624,5154 1564,5158 1504,5166 1444,5170 1384,5178 1324,5190 1264,5194 1204,5198 1144,5202 1084,5206 1024,5210 964,5210 904,5214 844,5214 784,5218 748,5222"/>
                <Baseline points="748,5217 784,5213 844,5209 904,5209 964,5205 1024,5205 1084,5201 1144,5197 1204,5193 1264,5189 1324,5185 1384,5173 1444,5165 1504,5161 1564,5153 1624,5149 1684,5141 1744,5141 1804,5141 1864,5133 1924,5125 1984,5117 2044,5105 2104,5097 2164,5089 2224,5085 2284,5081 2344,5073 2404,5069 2464,5065 2524,5057 2584,5053 2644,5045 2704,5037 2764,5033 2824,5029 2884,5025 2944,5021 3004,5017 3064,5009 3124,5005 3184,4997 3244,4993 3304,4989 3364,4985 3424,4977 3484,4973 3544,4969 3604,4965 3664,4957 3724,4953 3784,4945 3844,4941 3904,4933 3964,4933 4024,4925 4084,4925 4144,4921 4205,4917 4265,4913 4325,4909 4385,4905 4445,4901 4505,4893 4565,4889 4625,4885 4685,4881 4745,4873 4805,4869 4865,4861 4925,4861 4985,4853 5045,4849 5105,4845 5165,4849 5225,4849 5285,4845 5345,4841 5405,4841 5465,4837 5525,4829 5585,4829 5645,4829 5705,4829 5765,4829 5825,4833"/>
                <TextEquiv>
                    <Unicode>angerufen haben, wodurch die Sache sofort aufgeklärt worden wäre. 6.) Ich</Unicode>
                </TextEquiv>
            </TextLine>
            <TextLine id="tr_2_tl_12" custom="readingOrder {index:12;}">
                <Coords points="756,5400 780,5396 840,5388 900,5380 960,5372 1020,5364 1080,5360 1140,5352 1200,5344 1260,5336 1320,5332 1380,5328 1440,5316 1500,5312 1560,5304 1620,5296 1680,5292 1740,5288 1800,5280 1860,5276 1920,5268 1980,5260 2040,5256 2100,5248 2160,5244 2220,5240 2280,5232 2340,5232 2400,5224 2460,5224 2520,5216 2580,5216 2640,5212 2700,5204 2760,5192 2820,5184 2880,5180 2940,5176 3000,5168 3060,5164 3120,5160 3180,5152 3240,5144 3300,5136 3360,5128 3420,5124 3480,5112 3540,5104 3600,5100 3660,5096 3720,5092 3780,5092 3840,5088 3900,5084 3960,5076 4020,5072 4080,5068 4140,5060 4201,5060 4261,5060 4321,5060 4381,5044 4441,5036 4501,5032 4561,5024 4621,5020 4681,5012 4741,5008 4801,5008 4861,5004 4921,4992 4981,4992 5041,4988 5101,4980 5161,4980 5221,4980 5281,4976 5341,4976 5401,4976 5461,4968 5521,4964 5581,4964 5641,4960 5701,4960 5701,5010 5641,5010 5581,5014 5521,5014 5461,5018 5401,5026 5341,5026 5281,5026 5221,5030 5161,5030 5101,5030 5041,5038 4981,5042 4921,5042 4861,5054 4801,5058 4741,5058 4681,5062 4621,5070 4561,5074 4501,5082 4441,5086 4381,5094 4321,5110 4261,5110 4201,5110 4140,5110 4080,5118 4020,5122 3960,5126 3900,5134 3840,5138 3780,5142 3720,5142 3660,5146 3600,5150 3540,5154 3480,5162 3420,5174 3360,5178 3300,5186 3240,5194 3180,5202 3120,5210 3060,5214 3000,5218 2940,5226 2880,5230 2820,5234 2760,5242 2700,5254 2640,5262 2580,5266 2520,5266 2460,5274 2400,5274 2340,5282 2280,5282 2220,5290 2160,5294 2100,5298 2040,5306 1980,5310 1920,5318 1860,5326 1800,5330 1740,5338 1680,5342 1620,5346 1560,5354 1500,5362 1440,5366 1380,5378 1320,5382 1260,5386 1200,5394 1140,5402 1080,5410 1020,5414 960,5422 900,5430 840,5438 780,5446 756,5450"/>
                <Baseline points="756,5445 780,5441 840,5433 900,5425 960,5417 1020,5409 1080,5405 1140,5397 1200,5389 1260,5381 1320,5377 1380,5373 1440,5361 1500,5357 1560,5349 1620,5341 1680,5337 1740,5333 1800,5325 1860,5321 1920,5313 1980,5305 2040,5301 2100,5293 2160,5289 2220,5285 2280,5277 2340,5277 2400,5269 2460,5269 2520,5261 2580,5261 2640,5257 2700,5249 2760,5237 2820,5229 2880,5225 2940,5221 3000,5213 3060,5209 3120,5205 3180,5197 3240,5189 3300,5181 3360,5173 3420,5169 3480,5157 3540,5149 3600,5145 3660,5141 3720,5137 3780,5137 3840,5133 3900,5129 3960,5121 4020,5117 4080,5113 4140,5105 4201,5105 4261,5105 4321,5105 4381,5089 4441,5081 4501,5077 4561,5069 4621,5065 4681,5057 4741,5053 4801,5053 4861,5049 4921,5037 4981,5037 5041,5033 5101,5025 5161,5025 5221,5025 5281,5021 5341,5021 5401,5021 5461,5013 5521,5009 5581,5009 5641,5005 5701,5005"/>
                <TextEquiv>
                    <Unicode>wäre in großer Verlegenheit, wenn Sie mich mit dieser Arbeit jetzt</Unicode>
                </TextEquiv>
            </TextLine>
            <TextLine id="tr_2_tl_14" custom="readingOrder {index:13;}">
                <Coords points="752,5596 768,5592 828,5584 888,5576 948,5568 1008,5564 1068,5552 1128,5544 1188,5536 1248,5532 1308,5528 1368,5520 1428,5516 1488,5512 1548,5512 1548,5562 1488,5562 1428,5566 1368,5570 1308,5578 1248,5582 1188,5586 1128,5594 1068,5602 1008,5614 948,5618 888,5626 828,5634 768,5642 752,5646"/>
                <Baseline points="752,5641 768,5637 828,5629 888,5621 948,5613 1008,5609 1068,5597 1128,5589 1188,5581 1248,5577 1308,5573 1368,5565 1428,5561 1488,5557 1548,5557"/>
                <TextEquiv>
                    <Unicode>sitzen ließen.</Unicode>
                </TextEquiv>
            </TextLine>
            <TextLine id="tr_2_tl_13" custom="readingOrder {index:14;} structure {type:paragraph;}">
                <Coords points="772,5756 808,5748 868,5744 928,5736 988,5732 1048,5728 1108,5720 1168,5712 1228,5708 1288,5704 1348,5696 1408,5692 1468,5688 1528,5680 1588,5676 1648,5672 1708,5664 1768,5660 1828,5656 1888,5648 1948,5644 2008,5636 2068,5628 2128,5616 2188,5612 2248,5604 2308,5592 2368,5588 2428,5584 2488,5580 2548,5576 2608,5568 2668,5564 2728,5560 2788,5556 2848,5552 2908,5548 2968,5544 3028,5536 3088,5536 3148,5532 3208,5528 3268,5520 3328,5512 3388,5500 3448,5496 3508,5492 3568,5484 3628,5480 3688,5476 3748,5472 3808,5472 3868,5468 3928,5468 3988,5464 4048,5460 4108,5456 4168,5452 4229,5444 4289,5440 4349,5432 4409,5428 4469,5424 4529,5420 4589,5412 4649,5412 4709,5408 4769,5404 4829,5400 4889,5396 4949,5392 5009,5388 5069,5388 5129,5384 5189,5376 5249,5372 5309,5368 5369,5364 5429,5364 5489,5360 5549,5364 5549,5414 5489,5410 5429,5414 5369,5414 5309,5418 5249,5422 5189,5426 5129,5434 5069,5438 5009,5438 4949,5442 4889,5446 4829,5450 4769,5454 4709,5458 4649,5462 4589,5462 4529,5470 4469,5474 4409,5478 4349,5482 4289,5490 4229,5494 4168,5502 4108,5506 4048,5510 3988,5514 3928,5518 3868,5518 3808,5522 3748,5522 3688,5526 3628,5530 3568,5534 3508,5542 3448,5546 3388,5550 3328,5562 3268,5570 3208,5578 3148,5582 3088,5586 3028,5586 2968,5594 2908,5598 2848,5602 2788,5606 2728,5610 2668,5614 2608,5618 2548,5626 2488,5630 2428,5634 2368,5638 2308,5642 2248,5654 2188,5662 2128,5666 2068,5678 2008,5686 1948,5694 1888,5698 1828,5706 1768,5710 1708,5714 1648,5722 1588,5726 1528,5730 1468,5738 1408,5742 1348,5746 1288,5754 1228,5758 1168,5762 1108,5770 1048,5778 988,5782 928,5786 868,5794 808,5798 772,5806"/>
                <Baseline points="772,5801 808,5793 868,5789 928,5781 988,5777 1048,5773 1108,5765 1168,5757 1228,5753 1288,5749 1348,5741 1408,5737 1468,5733 1528,5725 1588,5721 1648,5717 1708,5709 1768,5705 1828,5701 1888,5693 1948,5689 2008,5681 2068,5673 2128,5661 2188,5657 2248,5649 2308,5637 2368,5633 2428,5629 2488,5625 2548,5621 2608,5613 2668,5609 2728,5605 2788,5601 2848,5597 2908,5593 2968,5589 3028,5581 3088,5581 3148,5577 3208,5573 3268,5565 3328,5557 3388,5545 3448,5541 3508,5537 3568,5529 3628,5525 3688,5521 3748,5517 3808,5517 3868,5513 3928,5513 3988,5509 4048,5505 4108,5501 4168,5497 4229,5489 4289,5485 4349,5477 4409,5473 4469,5469 4529,5465 4589,5457 4649,5457 4709,5453 4769,5449 4829,5445 4889,5441 4949,5437 5009,5433 5069,5433 5129,5429 5189,5421 5249,5417 5309,5413 5369,5409 5429,5409 5489,5405 5549,5409"/>
                <TextEquiv>
                    <Unicode>Ohnehin habe ich in einer anderen, ähnlichen Angelegenheit eine</Unicode>
                </TextEquiv>
            </TextLine>
            <TextLine id="tr_2_tl_15" custom="readingOrder {index:15;}">
                <Coords points="768,5948 776,5948 836,5936 896,5932 956,5928 1016,5924 1076,5916 1136,5916 1196,5908 1256,5900 1316,5892 1376,5888 1436,5880 1496,5872 1556,5868 1616,5864 1676,5856 1736,5848 1796,5844 1856,5840 1916,5836 1976,5828 2036,5824 2096,5812 2156,5804 2216,5796 2276,5784 2336,5784 2396,5776 2456,5776 2516,5772 2576,5772 2636,5772 2696,5768 2756,5760 2816,5756 2876,5748 2936,5744 2996,5736 3056,5728 3116,5728 3176,5716 3236,5712 3296,5708 3356,5712 3416,5700 3476,5680 3536,5672 3596,5664 3656,5660 3716,5656 3776,5656 3836,5648 3896,5648 3956,5640 4016,5636 4076,5632 4136,5632 4197,5624 4257,5620 4317,5616 4377,5616 4437,5608 4497,5604 4557,5600 4617,5596 4677,5588 4737,5584 4797,5584 4857,5576 4917,5572 4977,5572 5037,5568 5097,5560 5157,5556 5217,5552 5277,5548 5337,5540 5397,5536 5457,5536 5517,5532 5577,5532 5637,5532 5697,5536 5757,5548 5757,5598 5697,5586 5637,5582 5577,5582 5517,5582 5457,5586 5397,5586 5337,5590 5277,5598 5217,5602 5157,5606 5097,5610 5037,5618 4977,5622 4917,5622 4857,5626 4797,5634 4737,5634 4677,5638 4617,5646 4557,5650 4497,5654 4437,5658 4377,5666 4317,5666 4257,5670 4197,5674 4136,5682 4076,5682 4016,5686 3956,5690 3896,5698 3836,5698 3776,5706 3716,5706 3656,5710 3596,5714 3536,5722 3476,5730 3416,5750 3356,5762 3296,5758 3236,5762 3176,5766 3116,5778 3056,5778 2996,5786 2936,5794 2876,5798 2816,5806 2756,5810 2696,5818 2636,5822 2576,5822 2516,5822 2456,5826 2396,5826 2336,5834 2276,5834 2216,5846 2156,5854 2096,5862 2036,5874 1976,5878 1916,5886 1856,5890 1796,5894 1736,5898 1676,5906 1616,5914 1556,5918 1496,5922 1436,5930 1376,5938 1316,5942 1256,5950 1196,5958 1136,5966 1076,5966 1016,5974 956,5978 896,5982 836,5986 776,5998 768,5998"/>
                <Baseline points="768,5993 776,5993 836,5981 896,5977 956,5973 1016,5969 1076,5961 1136,5961 1196,5953 1256,5945 1316,5937 1376,5933 1436,5925 1496,5917 1556,5913 1616,5909 1676,5901 1736,5893 1796,5889 1856,5885 1916,5881 1976,5873 2036,5869 2096,5857 2156,5849 2216,5841 2276,5829 2336,5829 2396,5821 2456,5821 2516,5817 2576,5817 2636,5817 2696,5813 2756,5805 2816,5801 2876,5793 2936,5789 2996,5781 3056,5773 3116,5773 3176,5761 3236,5757 3296,5753 3356,5757 3416,5745 3476,5725 3536,5717 3596,5709 3656,5705 3716,5701 3776,5701 3836,5693 3896,5693 3956,5685 4016,5681 4076,5677 4136,5677 4197,5669 4257,5665 4317,5661 4377,5661 4437,5653 4497,5649 4557,5645 4617,5641 4677,5633 4737,5629 4797,5629 4857,5621 4917,5617 4977,5617 5037,5613 5097,5605 5157,5601 5217,5597 5277,5593 5337,5585 5397,5581 5457,5581 5517,5577 5577,5577 5637,5577 5697,5581 5757,5593"/>
                <TextEquiv>
                    <Unicode>sehr deprimirende Erfahrung gemacht und es wäre mir unangenehm,</Unicode>
                </TextEquiv>
            </TextLine>
            <TextLine id="tr_2_tl_16" custom="readingOrder {index:16;}">
                <Coords points="760,6132 816,6132 876,6128 936,6120 996,6116 1056,6112 1116,6108 1176,6104 1236,6096 1296,6088 1356,6080 1416,6072 1476,6060 1536,6056 1596,6048 1656,6036 1716,6028 1776,6020 1836,6016 1896,6008 1956,6000 2016,5996 2076,5992 2136,5984 2196,5976 2256,5964 2316,5952 2376,5944 2436,5940 2496,5936 2556,5936 2616,5936 2676,5932 2736,5924 2796,5916 2856,5912 2916,5908 2976,5904 3036,5900 3096,5892 3156,5888 3216,5884 3276,5872 3336,5864 3396,5860 3456,5848 3516,5840 3576,5836 3636,5828 3696,5824 3756,5816 3816,5808 3876,5804 3936,5800 3996,5796 4056,5792 4116,5788 4177,5784 4237,5784 4297,5780 4357,5780 4417,5776 4477,5768 4537,5764 4597,5760 4657,5756 4717,5748 4777,5744 4837,5740 4897,5736 4957,5736 5017,5728 5077,5728 5137,5724 5197,5728 5257,5728 5317,5712 5377,5704 5437,5696 5497,5696 5557,5696 5617,5696 5677,5700 5737,5708 5797,5716 5797,5766 5737,5758 5677,5750 5617,5746 5557,5746 5497,5746 5437,5746 5377,5754 5317,5762 5257,5778 5197,5778 5137,5774 5077,5778 5017,5778 4957,5786 4897,5786 4837,5790 4777,5794 4717,5798 4657,5806 4597,5810 4537,5814 4477,5818 4417,5826 4357,5830 4297,5830 4237,5834 4177,5834 4116,5838 4056,5842 3996,5846 3936,5850 3876,5854 3816,5858 3756,5866 3696,5874 3636,5878 3576,5886 3516,5890 3456,5898 3396,5910 3336,5914 3276,5922 3216,5934 3156,5938 3096,5942 3036,5950 2976,5954 2916,5958 2856,5962 2796,5966 2736,5974 2676,5982 2616,5986 2556,5986 2496,5986 2436,5990 2376,5994 2316,6002 2256,6014 2196,6026 2136,6034 2076,6042 2016,6046 1956,6050 1896,6058 1836,6066 1776,6070 1716,6078 1656,6086 1596,6098 1536,6106 1476,6110 1416,6122 1356,6130 1296,6138 1236,6146 1176,6154 1116,6158 1056,6162 996,6166 936,6170 876,6178 816,6182 760,6182"/>
                <Baseline points="760,6177 816,6177 876,6173 936,6165 996,6161 1056,6157 1116,6153 1176,6149 1236,6141 1296,6133 1356,6125 1416,6117 1476,6105 1536,6101 1596,6093 1656,6081 1716,6073 1776,6065 1836,6061 1896,6053 1956,6045 2016,6041 2076,6037 2136,6029 2196,6021 2256,6009 2316,5997 2376,5989 2436,5985 2496,5981 2556,5981 2616,5981 2676,5977 2736,5969 2796,5961 2856,5957 2916,5953 2976,5949 3036,5945 3096,5937 3156,5933 3216,5929 3276,5917 3336,5909 3396,5905 3456,5893 3516,5885 3576,5881 3636,5873 3696,5869 3756,5861 3816,5853 3876,5849 3936,5845 3996,5841 4056,5837 4116,5833 4177,5829 4237,5829 4297,5825 4357,5825 4417,5821 4477,5813 4537,5809 4597,5805 4657,5801 4717,5793 4777,5789 4837,5785 4897,5781 4957,5781 5017,5773 5077,5773 5137,5769 5197,5773 5257,5773 5317,5757 5377,5749 5437,5741 5497,5741 5557,5741 5617,5741 5677,5745 5737,5753 5797,5761"/>
                <TextEquiv>
                    <Unicode>wenn man hier die Sachen, wie es ja doch einmal geschieht, anders</Unicode>
                </TextEquiv>
            </TextLine>
            <TextLine id="line_1676894650339_6482" custom="readingOrder {index:17;}">
                <Coords points="784,6300 2232,6148 2352,6136 2472,6124 2652,6108 4453,5956 5053,5912 5233,5900 5233,5950 5173,5958 4933,5982 1324,6322 1264,6326 1144,6334 1084,6338 1024,6342 964,6346 904,6350 844,6354 764,6354 764,6304"/>
                <Baseline points="764,6349 784,6345 844,6349 904,6345 964,6341 1024,6337 1084,6333 1144,6329 1204,6321 1264,6321 1324,6317 1384,6309 1444,6301 1504,6293 1564,6281 1624,6273 1684,6261 1744,6253 1804,6249 1864,6249 2128,6209 2172,6201 2232,6193 2292,6189 2352,6181 2412,6177 2472,6169 2532,6165 2592,6161 2652,6153 2712,6153 2772,6149 2832,6145 2892,6141 2952,6133 3012,6129 3072,6125 3132,6125 3192,6117 3252,6109 3312,6105 3372,6101 3432,6097 3492,6093 3552,6097 3612,6097 3672,6085 3732,6073 3792,6069 3852,6053 3912,6049 3972,6045 4032,6037 4092,6033 4152,6029 4213,6033 4273,6029 4333,6017 4393,6013 4453,6001 4513,5997 4573,5997 4633,5993 4693,5989 4753,5989 4813,5985 4873,5981 4933,5977 4993,5965 5053,5957 5113,5957 5173,5953 5233,5945"/>
                <TextEquiv>
                    <Unicode>auffaßen würde. Schreiben Sie mir, bitte, eine Zeile.</Unicode>
                </TextEquiv>
            </TextLine>
            <TextLine id="tr_2_tl_19" custom="readingOrder {index:18;} structure {type:paragraph;} closer {offset:0; length:12; continued:true;}">
                <Coords points="3264,6404 3304,6396 3364,6400 3424,6400 3484,6400 3544,6396 3604,6392 3664,6388 3724,6380 3784,6372 3844,6364 3904,6360 3964,6356 4024,6360 4084,6364 4144,6360 4205,6356 4265,6356 4325,6356 4385,6352 4445,6352 4505,6360 4505,6410 4445,6402 4385,6402 4325,6406 4265,6406 4205,6406 4144,6410 4084,6414 4024,6410 3964,6406 3904,6410 3844,6414 3784,6422 3724,6430 3664,6438 3604,6442 3544,6446 3484,6450 3424,6450 3364,6450 3304,6446 3264,6454"/>
                <Baseline points="3264,6449 3304,6441 3364,6445 3424,6445 3484,6445 3544,6441 3604,6437 3664,6433 3724,6425 3784,6417 3844,6409 3904,6405 3964,6401 4024,6405 4084,6409 4144,6405 4205,6401 4265,6401 4325,6401 4385,6397 4445,6397 4505,6405"/>
                <TextEquiv>
                    <Unicode>Herzlich Ihr</Unicode>
                </TextEquiv>
            </TextLine>
            <TextLine id="tr_2_tl_20" custom="readingOrder {index:19;} structure {type:paragraph;} closer {offset:0; length:6; continued:true;} signed {offset:0; length:6;}">
                <Coords points="4721,6456 4781,6460 4841,6464 4901,6464 4961,6468 5021,6472 5081,6476 5141,6480 5201,6480 5261,6488 5277,6496 5277,6546 5261,6538 5201,6530 5141,6530 5081,6526 5021,6522 4961,6518 4901,6514 4841,6514 4781,6510 4721,6506"/>
                <Baseline points="4721,6501 4781,6505 4841,6509 4901,6509 4961,6513 5021,6517 5081,6521 5141,6525 5201,6525 5261,6533 5277,6541"/>
                <TextEquiv>
                    <Unicode>Salten</Unicode>
                </TextEquiv>
            </TextLine>
            <TextLine id="tr_3_tl_1" custom="readingOrder {index:20;} structure {type:paragraph;} postscript {offset:0; length:59; continued:true;} work {offset:8; length:8;}">
                <Coords points="720,7304 764,7300 824,7288 884,7284 944,7280 1004,7276 1064,7264 1124,7264 1184,7260 1244,7252 1304,7240 1364,7236 1424,7228 1484,7220 1544,7220 1604,7208 1664,7196 1724,7192 1784,7180 1844,7176 1904,7168 1964,7160 2024,7152 2084,7144 2144,7136 2204,7128 2264,7120 2324,7112 2384,7104 2444,7096 2504,7096 2564,7096 2624,7084 2684,7076 2744,7072 2804,7068 2864,7060 2924,7052 2984,7040 3044,7024 3104,7020 3164,7020 3224,7020 3284,7016 3344,7012 3404,7008 3464,6996 3524,6980 3584,6972 3644,6968 3704,6960 3764,6960 3824,6952 3884,6944 3944,6936 4004,6928 4064,6924 4124,6916 4185,6908 4245,6904 4305,6900 4365,6900 4425,6888 4485,6876 4545,6872 4605,6864 4665,6860 4725,6856 4785,6848 4845,6844 4905,6840 4965,6836 5025,6832 5085,6828 5145,6828 5205,6824 5265,6816 5325,6816 5385,6816 5445,6812 5505,6812 5565,6816 5625,6816 5685,6820 5745,6832 5745,6882 5685,6870 5625,6866 5565,6866 5505,6862 5445,6862 5385,6866 5325,6866 5265,6866 5205,6874 5145,6878 5085,6878 5025,6882 4965,6886 4905,6890 4845,6894 4785,6898 4725,6906 4665,6910 4605,6914 4545,6922 4485,6926 4425,6938 4365,6950 4305,6950 4245,6954 4185,6958 4124,6966 4064,6974 4004,6978 3944,6986 3884,6994 3824,7002 3764,7010 3704,7010 3644,7018 3584,7022 3524,7030 3464,7046 3404,7058 3344,7062 3284,7066 3224,7070 3164,7070 3104,7070 3044,7074 2984,7090 2924,7102 2864,7110 2804,7118 2744,7122 2684,7126 2624,7134 2564,7146 2504,7146 2444,7146 2384,7154 2324,7162 2264,7170 2204,7178 2144,7186 2084,7194 2024,7202 1964,7210 1904,7218 1844,7226 1784,7230 1724,7242 1664,7246 1604,7258 1544,7270 1484,7270 1424,7278 1364,7286 1304,7290 1244,7302 1184,7310 1124,7314 1064,7314 1004,7326 944,7330 884,7334 824,7338 764,7350 720,7354"/>
                <Baseline points="720,7349 764,7345 824,7333 884,7329 944,7325 1004,7321 1064,7309 1124,7309 1184,7305 1244,7297 1304,7285 1364,7281 1424,7273 1484,7265 1544,7265 1604,7253 1664,7241 1724,7237 1784,7225 1844,7221 1904,7213 1964,7205 2024,7197 2084,7189 2144,7181 2204,7173 2264,7165 2324,7157 2384,7149 2444,7141 2504,7141 2564,7141 2624,7129 2684,7121 2744,7117 2804,7113 2864,7105 2924,7097 2984,7085 3044,7069 3104,7065 3164,7065 3224,7065 3284,7061 3344,7057 3404,7053 3464,7041 3524,7025 3584,7017 3644,7013 3704,7005 3764,7005 3824,6997 3884,6989 3944,6981 4004,6973 4064,6969 4124,6961 4185,6953 4245,6949 4305,6945 4365,6945 4425,6933 4485,6921 4545,6917 4605,6909 4665,6905 4725,6901 4785,6893 4845,6889 4905,6885 4965,6881 5025,6877 5085,6873 5145,6873 5205,6869 5265,6861 5325,6861 5385,6861 5445,6857 5505,6857 5565,6861 5625,6861 5685,6865 5745,6877"/>
                <TextEquiv>
                    <Unicode>NB. Die Veronika ist jetzt fertig, ich warte mit dem Lesen </Unicode>
                </TextEquiv>
            </TextLine>
            <TextLine id="tr_3_tl_2" custom="readingOrder {index:21;} postscript {offset:0; length:20; continued:true;} letter-end {offset:20; length:0;}">
                <Coords points="856,7512 876,7512 936,7504 996,7496 1056,7480 1116,7476 1176,7472 1236,7468 1296,7456 1356,7452 1416,7444 1476,7444 1536,7432 1596,7424 1656,7416 1716,7408 1776,7400 1836,7388 1896,7388 1956,7384 2016,7376 2076,7368 2136,7364 2196,7352 2256,7344 2316,7340 2376,7336 2436,7336 2436,7386 2376,7386 2316,7390 2256,7394 2196,7402 2136,7414 2076,7418 2016,7426 1956,7434 1896,7438 1836,7438 1776,7450 1716,7458 1656,7466 1596,7474 1536,7482 1476,7494 1416,7494 1356,7502 1296,7506 1236,7518 1176,7522 1116,7526 1056,7530 996,7546 936,7554 876,7562 856,7562"/>
                <Baseline points="856,7557 876,7557 936,7549 996,7541 1056,7525 1116,7521 1176,7517 1236,7513 1296,7501 1356,7497 1416,7489 1476,7489 1536,7477 1596,7469 1656,7461 1716,7453 1776,7445 1836,7433 1896,7433 1956,7429 2016,7421 2076,7413 2136,7409 2196,7397 2256,7389 2316,7385 2376,7381 2436,7381"/>
                <TextEquiv>
                    <Unicode>bis Sie zurück sind.</Unicode>
                </TextEquiv>
            </TextLine>
            <TextEquiv>
                <Unicode>Lieber, gleich als Ihr Brief kam, schrieb ich Ihnen mit dem Vermerk auf dem&#13;
Couvert, der Brief solle Ihnen nachgesendet werden. Telefonisch konnte ich Sie nicht&#13;
mehr erreichen - Sie waren schon abgereist. Jetzt weiß ich nicht, ob mein erstes&#13;
Schreiben Sie erreicht hat, und so sage ich Ihnen hier das Wesentliche noch&#13;
einmal: 1) Die 80 Kr. waren ein Versehen. Dr Kanner hat einfach vergessen, dem&#13;
Prof. Singer von Ihrem Honorar Mittheilung zu machen. 2.) In dem jetzt&#13;
herrschenden Arbeitstrubel ist ein solcher Irrthum begreiflich und kann&#13;
nichts Verletzendes für Sie haben. 3.) Die restlichen 120 Kr. wurden sofort&#13;
an Sie abgesandt. 4.) Ich hoffe, Sie haben die Novelle doch, wie verabredet,&#13;
mitgenommen, und diesen Vorfall nicht zum Anlaß ergriffen, die Sache&#13;
beiseite zu legen. 5.) Es thut mir leid, dass Sie mich nicht einfach telef.&#13;
angerufen haben, wodurch die Sache sofort aufgeklärt worden wäre. 6.) Ich&#13;
wäre in großer Verlegenheit, wenn Sie mich mit dieser Arbeit jetzt&#13;
sitzen ließen.&#13;
Ohnehin habe ich in einer anderen, ähnlichen Angelegenheit eine&#13;
sehr deprimirende Erfahrung gemacht und es wäre mir unangenehm,&#13;
wenn man hier die Sachen, wie es ja doch einmal geschieht, anders&#13;
auffaßen würde. Schreiben Sie mir, bitte, eine Zeile.&#13;
Herzlich Ihr&#13;
Salten&#13;
NB. Die Veronika ist jetzt fertig, ich warte mit dem Lesen &#13;
bis Sie zurück sind.</Unicode>
            </TextEquiv>
        </TextRegion>
    </Page>
</PcGts>
