4272 6323
1843 1230 3791 1312 Am Kahlenberg, 27 XI. 03
591 1758 3843 1928 Lieber, ich bin doch nicht nach Waidhofen,
547 2002 3827 2180 sondern lieber hier herauf, wo es wunderschön
523 2174 3783 2408 und ganz still ist. Gedenke mir diesen Berg
523 2342 3583 2616 jetzt als meinen Privat-Semmering
519 2502 3639 2772 anzuschaffen. Herzl. Dank für
543 2670 3807 2956 Ihre Wolmeinung über meinen Klimt¬
531 2870 3543 3132 Aufsatz. Nächstens ziehe ich mich
527 3050 3531 3324 hierher mit Schlenther zurück, und
543 3254 3623 3548 hoffe Sie noch besser zu bedienen,
1419 3594 2739 3732 herzlichst Ihr S.
