3731 6596
2172 1595 3136 1661 Wien, 23. Mai 97
896 2243 3316 2313 Lieber Arthur! Unsere Briefe haben sich gekreuzt.
920 2411 3368 2481 Am Tage, nach welchem meiner abgesendet war,
916 2559 3396 2637 empfing ich den Ihrigen. Ich konnte nicht mehr
912 2707 3328 2797 erwarten, von Ihnen Nachricht zu erhalten, denn
904 2867 3400 2957 da alle anderen Briefe von Ihnen bekamen, musste
892 3015 3328 3129 ich denken, mein Schreiben sei verloren gegan¬
924 3235 1160 3289 gen.
948 3359 3332 3449 Die gute Stimmung, in der ich kürzlich an Sie
924 3515 3316 3613 geschrieben, läßt nach. Vierzehn Tage Regen¬
928 3671 3224 3785 wetter liegen dazwischen, und der Frühling
912 3855 3224 3945 hat nun ein Ende. Ich fühle mich nach
920 4003 3368 4097 und nach wieder beschwert von allen Gewich¬
904 4179 3200 4273 ten, die sonst immer mein Wesen drücken.
936 4343 3284 4433 Alle meine Wünsche concentriren sich nun
920 4511 3248 4601 darauf etwas fertig zu bringen. Wenn das
932 4683 3212 4765 geschehen könnte, wäre ich wesentlich
936 4835 3296 4933 gefestigter. Aber Sie können sich nicht
924 5003 3336 5089 denken, wie sehr ich an dem Gefühl der
936 5163 3376 5253 Unwichtigkeit leide, sobald ich mir meine
