4915 7047
698 1266 1522 1316 B. Z. am Mittag
848 1699 1400 1752 Chefredaktion
2829 1263 3965 1448 BERLIN SW, 28. III. 06
2829 1438 3345 1557 Kochstr. 23–25
733 2214 4301 2536 Lieber, dass wir eine Radtour machen könnten, ist mir heute wie ein absoluter
724 2394 4282 2683 Muß! Es wäre so schön 6–8 Tage irgendwo – durch die Welt zu gleiten, wo sie
724 2541 4211 2834 schön ist, und wo man wieder einmal so viel Behagen empfinden könnte,
719 2678 4206 2990 wie »einst im Mai«. Denken Sie etwas Gutes aus, und ziehen Sie dabei in
724 2806 4178 3132 Betracht, ob wir nicht eine Gegend wählen wollen, die wir noch nicht kennen.
733 2929 4154 3260 Deutsches Gebirge, Thüringen, Rhein, u. s. w. Ich bin aber auch mit Tirol
724 3023 4414 3388 oder Schweiz (Lugano oder Genfer See) einverstanden. Ihr Brief kam heute aber
719 3151 4324 3525 auch a tempo: es ist seitnach langem Winter wieder die erste Frühlingswärme,
738 3288 4547 3648 die erste Sonne wieder da, und alle Reisepläne, alles Reiseverlangen – »Wander¬
738 3411 4438 3809 lust« – regt sich. An solchen Tagen hat auch Berlin seine Schöhheit. An solchen
771 3572 4381 3932 Tagen würde übrigens auch Magdeburg oder Genthinen nicht ohne Reiz sein.
757 3657 4315 4036 Ich überlege mir heute zum 20ten Mal, wie man es macht, sich ein ganz ein
766 3766 4367 4140 kleines Automobil zu kaufen. Geht aber leider im Moment nicht. Wenn ich
752 3870 4424 4268 die große Zeitung gegründet habe, Neue freie Presse in Berlin, eine Wochenschrift
762 3998 4518 4376 im Zukunft-Stil und dann vier Blätter regiere, statt zwei (was ich armselig
771 4126 4386 4518 finde), dann werde ich gewiss auch das langerflehte Auto haben. Inzwischen
766 4249 4514 4637 freu ich mich, wenn nur eine Radtour zustande kommt, und die übrigen Dinge,
757 4343 4462 4750 die ich für den Sommer vorhabe (Holland, zu Wasser nach Kiel), die Radtour könnte
748 4466 4542 4868 auch durch einige deutsche Städte gemacht werden, – Rothenburg ob. d. Tauber – Bayreuth,
752 4580 4414 4991 wozu man freilich jetzt schon die Sitze bestellen müsste. Das dänische Seebad, das Sie
757 4698 4400 5105 vorhaben, verdrießt mich – wenn ich aufrichtig sein darf – immer. Weil ich.. aus
757 4802 4410 5209 wirthschaftlichen Gründen .. nicht hinkann, wenn ich schon einmal an der Ostsee
748 4920 4542 5342 sitze, und weil ich mir denke, wenn uns ein mehrwöchiges Beisammensein schon
752 5048 4476 5446 beschieden sein könnte, dann ließe sich vielleicht doch auf Dänemark verzichten. Der
762 5133 4547 5569 Unterschied ist nicht so groß, und Wälder gibt's auch am diesseitigen Strand der Ost¬
785 5536 946 5649 see.
785 5441 4542 5777 Augenblicklich ist Wien durch Mr Triebeitsch vertreten, der in seinem Premierenfieber wegen
771 5564 4547 5867 Shaw das Maß des lächerlichen erreicht. Seine erste Frage, als er hier eintraf, war (natür¬
776 5678 4438 5994 lich per Telefon) was ich von seinem Vorschlag in der »Schaubühne« halte. Ich sagte,
795 5786 4414 6103 dass ich dagegen sei. Er ließ seinen erstaunten Klagelaut vernehmen, und meinte dann,
