3404 6171
1859 1430 2695 1508 den 12. März 02.
463 2306 2959 2420 Lieber – mit der »Zeit« bin ich noch lange nicht
419 2510 3011 2644 fertig, und in ernsten Verhandlungen eben wegen
411 2702 2863 2852 der Feuilletonredaction. Diese Unterhandlungen
419 2898 2943 3040 werden voraussichtlich, – da sie ein negatives
431 3106 2947 3256 Resultat während der ersten Unterredungen nicht
403 3326 2915 3480 hatten – bis gegen Ende April dauern, und
423 3502 3031 3716 läßt sich heute trotz alledem ihr Ausgang nicht
395 3714 2851 3924 einmal annähernd voraussagen. Sollte aber
415 3930 2935 4132 irgend ein Ergebnis früher eintreten, dann theile
439 4126 3003 4316 ich es Ihnen gewiss sogleich mit. Im Übrigen
519 4318 3015 4516 – ich brauche das wol nicht zu sagen – soll diese
431 4542 2867 4708 Mittheilung Sie in keiner Weise beeinflußen.
411 4710 2887 4924 Ich bin seit heute außer Bett, gehe morgen ins Burg¬
443 4898 2879 5092 theater und möchte Sie jedenfalls bald gerne
439 5086 2923 5292 sprechen. Kann aber Abends nicht ausgehen.
459 5294 3007 5472 Vielleicht entschließen Sie sich, dieser Tage nach
