3608 5516
2352 831 2933 1074 Montag.
468 1028 3229 1292 Lieber, wenn es Ihnen recht ist, treffen wir uns
373 1236 3092 1465 morgen (Dienstag) oder Mittwoch Abend (½9)
366 1373 3194 1570 im Riedhof. Da Otti nur auf 3 Stunden vom Haus
352 1504 3120 1729 fort kann ist das ein Ausweg. Sonst müßen
366 1641 3148 1852 wirs bis nach den Feiertagen laßen, außer Sie
366 1764 3166 2000 könnten Beide am Sonntag od. Montag Abend
366 1898 2859 2123 bei uns sein, was uns sehr freuen würde.
373 2018 3137 2247 Es wäre mir nicht unwichtig bald mit Ihnen
380 2151 3004 2370 zu sprechen, da ich über den Artikel, den Sie
384 2271 3134 2504 Herrn Siegfried Jacobsohn gewidmet haben,
380 2391 2821 2637 manches wesentliche zu bemerken hätte.
1074 2574 3137 2817 Mit herzlichen Grüßen an Sie Beide
1113 2757 2218 2923 von Otti und mir
2278 2824 3102 3071 Ihr Salten
2285 2968 3032 3275 Felix Salten
