4073 5973
2236 1001 3218 1181 Berlin, 1. Mai 06.
542 1753 3581 2014 Lieber, die Radpartie, ja, wenn ich heute nur wüßte, wie und was in
487 1866 3585 2194 drei, vier Wochen sein wird. Ich fürchte, die Radpartie wird sich nicht ma¬
471 2030 3564 2310 chen laßen. Vorläufig nämlich ist es beschloßen, dass ich am 20. od. 21.
479 2135 3557 2431 nach Madrid fahre, zur Königshochzeit. Da käme ich erst am 10. Juni
487 2244 3627 2575 wieder zurück, weil ich natürlich Toledo, Sevilla, Cadiz, Tanger, Gibraltar,
483 2357 3585 2716 Granada mitnehme, und der Weg zurück über Lissabon führe. Da gäbe
483 2470 3561 2805 es dann – ausser dem contractlichen Urlaub – keine Absenz mehr. Und
483 2607 3499 2934 die vier Wochen im Juli will ich still an einem Fleck sitzen, Tennis
483 2708 3624 3051 spielen und arbeiten. (Ich bin im Begriff, die Herzl-Biographie zu über¬
495 2813 3577 3152 nehmen, was ich mir als eine Art von Denkmal-Portrait sehr schön denke.)
510 2926 3511 3265 Mit dem Seebad ist das so: wir müßen doch im Juni schon aufs Land,
499 3027 3530 3378 der Kinder wegen. Otti und die Kinder gehen Juni, Juli, August, bis
503 3172 3511 3483 Mitte September an die See. Da wird eine Wohnung genommen
499 3246 3557 3600 und Wirtschaft geführt. Möglichst nahe, damit ich über Sonntag
522 3335 3600 3721 einmal hin, Otti manchmal zu mir in die Stadt kommen kann.
503 3456 3464 3818 Also Bansin, Swinemünde oder Heringsdorf. Deshalb kann ich
538 3569 3588 3935 dann für den Juli nicht alles nach Skodsborg verlegen. Es ist ein¬
510 3670 3549 4068 fach eine Sache des Geldes. Und bin ich selbst frei, möchte ich doch bei
507 3981 1283 4157 den Kindern sein.
526 3904 3596 4259 Wenn sich die spanische Reise nun doch nicht macht, schreibe ich Ihnen
518 4158 1788 4407 rechtzeitig wegen der Radtour.
542 4118 3542 4492 Mein Brief an Hugo mit der starken Verstimmung gegen Berlin datirt weit
538 4259 3616 4629 zurück, war im März noch geschrieben, während er in Italien war. Seit¬
545 4391 3631 4714 her hat sich die Sache genau um die Frühlingssonne verbessert. Ich schrei¬
545 4500 3616 4835 be selten, weil ich mit organisatorischen Arbeiten beschäftigt bin, weil
530 4613 3495 4960 ich productiv einiges componire, und die Stadt noch zu wenig als
534 4722 3557 5085 publizistische Anregung fühle. Es würden Reisebriefe werden, und
534 4835 3456 5201 das wäre falsch. Ich bin froh, dass mich meine Selbstcontrolle
