3833 6703
2287 1127 2702 1187 Enternit.
2719 1135 3116 1195 Berghot.

2673 1289 2881 1349 of.
2890 1283 3076 1343 M.
3084 1275 3160 1335 10.

695 2104 916 2164 Lieber

959 2240 1053 2300 vir
1122 2250 1437 2310 bleiben,
1456 2263 1576 2323 donk
1658 2271 1778 2331 i,
1796 2267 1884 2327 bis
1935 2267 2124 2327 gegen
2175 2259 2269 2319 dene
2338 2253 2445 2313 s.
2464 2244 2817 2304 Septmber
2880 2237 2994 2297 her
3069 2232 3183 2292 und
3220 2227 3503 2287 Frischen.

646 2368 710 2428 die
774 2371 868 2431 zur
951 2375 1677 2435 Mahler-Soephone
1760 2379 1903 2439 nunt
1977 2375 2313 2435 München
2387 2359 2697 2419 nolten,
2712 2350 2929 2410 werden
2988 2347 3082 2407 wil
3176 2342 3314 2402 auf

634 2490 669 2550 es
735 2499 933 2559 fange
1030 2501 1040 2561 do
1161 2503 1364 2563 sein.
1379 2507 1592 2567 Wenn
1679 2499 1770 2559 wir
1846 2490 2120 2550 Amntt
2191 2482 2495 2542 hatten.
2510 2476 2581 2536 Sie
2658 2463 2825 2523 Brrde
2921 2455 3048 2515 hier
3114 2451 3231 2511 auf
3286 2447 3418 2507 dem

627 2615 888 2675 genzluf
986 2619 998 2679 zu
1149 2619 1595 2679 begrüßen,
1612 2607 1833 2667 wunden
1903 2603 2012 2663 wir
2100 2599 2215 2659 us
2285 2591 2523 2651 herzef
2598 2577 2929 2637 Freue.
2946 2569 3184 2629 Wann
3254 2559 3398 2619 glau

635 2744 742 2804 bin
844 2747 1049 2807 Sie,
1069 2742 1195 2802 dass
1254 2739 1302 2799 Sie
1386 2733 1653 2793 heiher
1732 2723 2088 2783 kommen
2185 2707 2692 2767 könnten?
2712 2687 2766 2747 In
2810 2680 2873 2740 der
2936 2679 3365 2739 Jriinglesn

631 2863 636 2923 e
792 2851 914 2911 "dass
1010 2851 1082 2911 Sie
1163 2848 1304 2908 it
1411 2843 1543 2903 dem
1619 2831 2100 2891 Burgtheater
2191 2819 2373 2879 einig
2474 2809 2749 2869 sind,
2774 2805 2890 2865 was
2972 2794 3148 2854 mif
3235 2783 3392 2843 sehr

625 2973 936 3033 Freu.
956 2960 1099 3020 Was
1153 2959 1459 3019 ist"das
1518 2955 1675 3015 weite
1750 2941 2183 3001 Cand?

891 3099 1028 3159 Voele
1084 3100 1253 3160 Grüße
1325 3099 1434 3159 son
1528 3099 1654 3159 uns
1714 3099 1725 3159 zu
1863 3091 2220 3151 Ihnen,
2236 3083 2368 3143 und
2467 3079 2516 3139 die
2582 3079 2824 3139 Bitte,
2840 3070 2961 3130 um
3015 3060 3197 3120 bald

628 3223 1008 3283 Nachricht
1096 3222 1105 3282 zu
1221 3215 1549 3275 geben,
1572 3211 1679 3271 wie
1753 3209 1795 3269 es
1869 3197 2045 3257 Ihrer
2142 3183 2586 3243 Scemägenn
2674 3175 2938 3235 geht!
2952 3165 3346 3225 Verzlichst

2550 3331 2647 3391 Ihr

2679 3427 3199 3487 FeunSallen
