4039 3910
365 2820 2204 3031 Nordd. LLoyd. »Kronprinz Wilhelm«. ebenda. 19. VI. 06. Rauchsalon I. Klasse.
3026 1233 3150 3018 Lieber, so sieht nun die Radpartie und der
3109 999 3241 3003 Klopeiner See aus. Ich gehe auf 14 Tage nach
3203 1014 3335 3051 England. Otti ist mit den Kindern in Bansin, bei
3277 1098 3432 3056 Heringsdorf. Vielleicht sehen wir uns, wenn Sie
3383 1362 3558 3054 nach Dänemark fahren. Herzlichst Ihr
3452 1080 3601 1352 Salten
