<?xml version="1.0" encoding="UTF-8" standalone="yes"?>
<PcGts xmlns="http://schema.primaresearch.org/PAGE/gts/pagecontent/2013-07-15" xmlns:xsi="http://www.w3.org/2001/XMLSchema-instance" xsi:schemaLocation="http://schema.primaresearch.org/PAGE/gts/pagecontent/2013-07-15 http://schema.primaresearch.org/PAGE/gts/pagecontent/2013-07-15/pagecontent.xsd">
    <Metadata>
        <Creator>Transkribus</Creator>
        <Created>2023-01-18T10:26:12.020+01:00</Created>
        <LastChange>2023-07-06T18:06:26.274+02:00</LastChange>
        <TranskribusMetadata docId="1297600" pageId="51644839" pageNr="152" tsid="129042317" status="IN_PROGRESS" userId="100952" imgUrl="https://files.transkribus.eu/Get?id=ROYDUEHFDKCDERHIHZKVFQSU&amp;fileType=view" xmlUrl="https://files.transkribus.eu/Get?id=HCABZIWCCJAGNZLMPYIXXRMS" imageId="42229274"/>
    </Metadata>
    <Page imageFilename="MS-SCHNITZLER-B-00089-A-00002-000-00091-R.tif" imageWidth="4262" imageHeight="4060">
        <ReadingOrder>
            <OrderedGroup id="ro_1695210541500" caption="Regions reading order">
                <RegionRefIndexed index="0" regionRef="tr_1"/>
            </OrderedGroup>
        </ReadingOrder>
        <TextRegion id="tr_1" custom="readingOrder {index:0;}">
            <Coords points="429,2021 3809,2021 3809,3275 429,3275"/>
            <TextLine id="line_1676903762756_9306" custom="readingOrder {index:0;} salute {offset:0; length:6;} comment {offset:0; length:1;comment:letterbegin\u0020muss\u0020vor\u0020die\u0020dateline.;} comment {offset:15; length:5;comment:Die\u0020dateline\u0020fehlt\u0020hier!;} date {offset:32; length:7;}">
                <Coords points="614,1441 659,1438 704,1435 3546,1381 3591,1381 3636,1381 3636,1431 3453,1443 2582,1485 1104,1494 1059,1494 614,1491"/>
                <Baseline points="519,1492 564,1489 704,1480 749,1480 794,1483 838,1483 883,1483 904,1486 1059,1489 1104,1489 1149,1486 1194,1483 1238,1483 1283,1483 1328,1483 1373,1474 1418,1471 1462,1468 1507,1468 1552,1468 1597,1468 1641,1474 1686,1474 1731,1474 1776,1474 1821,1474 1865,1468 1910,1468 1955,1468 2000,1471 2044,1468 2089,1468 2134,1471 2179,1468 2224,1471 2268,1468 2313,1468 2358,1471 2403,1471 2447,1474 2492,1471 2537,1474 2582,1480 2627,1474 2671,1468 2716,1465 2761,1462 2806,1462 2850,1459 2895,1459 2940,1456 2985,1453 3030,1453 3074,1453 3119,1450 3164,1450 3209,1447 3253,1444 3298,1441 3343,1441 3453,1438 3456,1435 3501,1429 3546,1426 3683,1435 3728,1435"/>
                <TextEquiv>
                    <Unicode>Lieber, ich muß leider auch für Freitag ab¬</Unicode>
                </TextEquiv>
            </TextLine>
            <TextLine id="line_1676903768028_9312" custom="readingOrder {index:1;}">
                <Coords points="507,1650 617,1638 1110,1605 3513,1531 3648,1537 3692,1540 3692,1590 2549,1670 528,1700 507,1700"/>
                <Baseline points="507,1695 528,1695 573,1689 617,1683 662,1680 707,1677 752,1674 797,1671 841,1671 886,1671 931,1674 1077,1653 1110,1650 1155,1653 1200,1653 1244,1656 1289,1653 1334,1650 1379,1644 1423,1641 1468,1641 1513,1641 1558,1641 1603,1641 1647,1641 1692,1635 1737,1632 1782,1632 1827,1632 1871,1632 1916,1632 1961,1632 2006,1629 2050,1624 2095,1621 2140,1621 2185,1621 2230,1621 2274,1624 2319,1624 2364,1621 2409,1618 2453,1615 2549,1665 2573,1662 2618,1653 2662,1647 2707,1644 2752,1641 2797,1635 2842,1626 2886,1624 2931,1618 2976,1615 3021,1612 3065,1612 3110,1615 3155,1615 3200,1609 3245,1603 3289,1600 3334,1597 3379,1594 3424,1588 3468,1582 3513,1576 3558,1579 3603,1582 3703,1588 3747,1591"/>
                <TextEquiv>
                    <Unicode>sagen. Ich bin diese Woche zu sehr in An¬</Unicode>
                </TextEquiv>
            </TextLine>
            <TextLine id="line_1676903772255_9317" custom="readingOrder {index:2;} date {offset:22; length:8;} textStyle {offset:36; length:3;underlined:true;}">
                <Coords points="558,1802 686,1793 731,1790 1462,1758 1955,1740 3477,1695 3522,1695 3567,1698 3567,1748 3074,1772 1015,1846 597,1855 558,1852"/>
                <Baseline points="558,1847 597,1850 641,1844 686,1838 731,1835 776,1835 820,1832 865,1835 910,1838 955,1838 1000,1841 1015,1841 1059,1832 1104,1829 1149,1824 1194,1821 1238,1818 1283,1815 1328,1815 1373,1812 1418,1806 1462,1803 1507,1803 1552,1800 1597,1800 1641,1797 1686,1797 1731,1797 1776,1797 1821,1797 1865,1797 1910,1794 1955,1785 2000,1785 2044,1785 2089,1785 2134,1785 2179,1785 2224,1788 2268,1782 2313,1779 2358,1779 2403,1779 2447,1779 2492,1779 2537,1776 2582,1776 2627,1773 2671,1770 2716,1770 2761,1767 2806,1770 2850,1767 2895,1764 2940,1767 2985,1770 3030,1767 3074,1767 3119,1761 3164,1761 3209,1758 3253,1755 3298,1749 3343,1746 3388,1746 3433,1743 3477,1740 3649,1749 3694,1752"/>
                <TextEquiv>
                    <Unicode>spruch genommen. Aber Mittwoch ganz be¬</Unicode>
                </TextEquiv>
            </TextLine>
            <TextLine id="line_1676903776432_9322" custom="readingOrder {index:3;} textStyle {offset:0; length:6;underlined:true;}">
                <Coords points="516,1946 540,1943 629,1940 3525,1850 3570,1850 3659,1865 3659,1915 1113,2005 516,1996"/>
                <Baseline points="516,1991 540,1988 585,1988 629,1985 674,1985 719,1985 764,1985 809,1982 853,1979 898,1979 943,1985 1113,2000 1152,1997 1197,1991 1241,1991 1286,1988 1331,1985 1376,1982 1421,1979 1465,1979 1510,1976 1555,1973 1600,1970 1644,1970 1689,1967 1734,1967 1779,1970 1824,1970 1868,1970 1913,1970 1958,1967 2003,1961 2047,1958 2092,1958 2137,1955 2182,1952 2227,1952 2271,1952 2316,1952 2361,1949 2406,1943 2450,1940 2495,1943 2540,1940 2585,1937 2630,1934 2674,1934 2719,1931 2764,1931 2809,1931 2853,1934 2898,1934 2943,1931 2988,1928 3033,1922 3077,1919 3122,1919 3167,1913 3212,1913 3256,1916 3301,1913 3346,1913 3391,1913 3436,1904 3480,1898 3525,1895 3570,1895 3668,1916 3712,1919"/>
                <TextEquiv>
                    <Unicode>stimmt. Hoffentlich passt Ihnen dieser Tag.</Unicode>
                </TextEquiv>
            </TextLine>
            <TextLine id="tr_1_tl_1" custom="readingOrder {index:4;} date {offset:5; length:7;}">
                <Coords points="537,2137 543,2140 588,2140 632,2140 677,2140 722,2137 767,2137 812,2137 856,2134 901,2131 946,2131 991,2128 1035,2125 1080,2122 1125,2119 1170,2119 1215,2119 1259,2113 1304,2113 1349,2113 1394,2107 1438,2104 1483,2101 1528,2101 1573,2098 1618,2098 1662,2092 1707,2092 1752,2089 1797,2086 1841,2083 1886,2080 1931,2077 1976,2074 2021,2074 2065,2074 2110,2071 2155,2068 2200,2062 2244,2065 2289,2062 2334,2056 2379,2053 2424,2053 2468,2053 2513,2050 2558,2050 2603,2053 2647,2053 2692,2053 2737,2056 2782,2062 2794,2059 2830,2062 2874,2053 2919,2044 2964,2044 3009,2044 3053,2041 3098,2038 3143,2038 3188,2035 3233,2032 3277,2032 3322,2029 3367,2029 3412,2032 3456,2029 3501,2026 3546,2026 3591,2029 3636,2029 3636,2079 3591,2079 3546,2076 3501,2076 3456,2079 3412,2082 3367,2079 3322,2079 3277,2082 3233,2082 3188,2085 3143,2088 3098,2088 3053,2091 3009,2094 2964,2094 2919,2094 2874,2103 2830,2112 2794,2109 2782,2112 2737,2106 2692,2103 2647,2103 2603,2103 2558,2100 2513,2100 2468,2103 2424,2103 2379,2103 2334,2106 2289,2112 2244,2115 2200,2112 2155,2118 2110,2121 2065,2124 2021,2124 1976,2124 1931,2127 1886,2130 1841,2133 1797,2136 1752,2139 1707,2142 1662,2142 1618,2148 1573,2148 1528,2151 1483,2151 1438,2154 1394,2157 1349,2163 1304,2163 1259,2163 1215,2169 1170,2169 1125,2169 1080,2172 1035,2175 991,2178 946,2181 901,2181 856,2184 812,2187 767,2187 722,2187 677,2190 632,2190 588,2190 543,2190 537,2187"/>
                <Baseline points="537,2182 543,2185 588,2185 632,2185 677,2185 722,2182 767,2182 812,2182 856,2179 901,2176 946,2176 991,2173 1035,2170 1080,2167 1125,2164 1170,2164 1215,2164 1259,2158 1304,2158 1349,2158 1394,2152 1438,2149 1483,2146 1528,2146 1573,2143 1618,2143 1662,2137 1707,2137 1752,2134 1797,2131 1841,2128 1886,2125 1931,2122 1976,2119 2021,2119 2065,2119 2110,2116 2155,2113 2200,2107 2244,2110 2289,2107 2334,2101 2379,2098 2424,2098 2468,2098 2513,2095 2558,2095 2603,2098 2647,2098 2692,2098 2737,2101 2782,2107 2794,2104 2830,2107 2874,2098 2919,2089 2964,2089 3009,2089 3053,2086 3098,2083 3143,2083 3188,2080 3233,2077 3277,2077 3322,2074 3367,2074 3412,2077 3456,2074 3501,2071 3546,2071 3591,2074 3636,2074"/>
                <TextEquiv>
                    <Unicode>Wenn Sonntag schönes Wetter ist, fahren wir</Unicode>
                </TextEquiv>
            </TextLine>
            <TextLine id="tr_1_tl_2" custom="readingOrder {index:5;}">
                <Coords points="576,2301 611,2298 656,2295 701,2292 746,2286 791,2283 835,2283 880,2280 925,2280 970,2277 1015,2277 1059,2274 1104,2277 1149,2274 1194,2271 1238,2268 1283,2259 1328,2259 1373,2256 1418,2253 1462,2250 1507,2247 1552,2244 1597,2244 1641,2250 1665,2241 1668,2241 1713,2238 1758,2232 1803,2232 1847,2232 1892,2226 1937,2223 1982,2223 2027,2220 2071,2217 2116,2217 2161,2214 2206,2214 2250,2214 2295,2208 2340,2205 2385,2202 2430,2205 2474,2202 2519,2202 2564,2199 2609,2199 2653,2199 2698,2199 2743,2199 2788,2202 2833,2199 2877,2202 2922,2193 2967,2193 3012,2190 3056,2190 3101,2188 3146,2185 3191,2182 3236,2176 3280,2173 3325,2170 3370,2164 3415,2161 3459,2158 3504,2155 3504,2205 3459,2208 3415,2211 3370,2214 3325,2220 3280,2223 3236,2226 3191,2232 3146,2235 3101,2238 3056,2240 3012,2240 2967,2243 2922,2243 2877,2252 2833,2249 2788,2252 2743,2249 2698,2249 2653,2249 2609,2249 2564,2249 2519,2252 2474,2252 2430,2255 2385,2252 2340,2255 2295,2258 2250,2264 2206,2264 2161,2264 2116,2267 2071,2267 2027,2270 1982,2273 1937,2273 1892,2276 1847,2282 1803,2282 1758,2282 1713,2288 1668,2291 1665,2291 1641,2300 1597,2294 1552,2294 1507,2297 1462,2300 1418,2303 1373,2306 1328,2309 1283,2309 1238,2318 1194,2321 1149,2324 1104,2327 1059,2324 1015,2327 970,2327 925,2330 880,2330 835,2333 791,2333 746,2336 701,2342 656,2345 611,2348 576,2351"/>
                <Baseline points="541,2353 576,2350 656,2340 701,2337 746,2331 791,2328 835,2328 880,2325 925,2325 970,2322 1015,2322 1059,2319 1104,2322 1149,2319 1194,2316 1238,2313 1283,2304 1328,2304 1373,2301 1418,2298 1462,2295 1507,2292 1552,2289 1597,2289 1641,2295 1665,2286 1668,2286 1713,2283 1758,2277 1803,2277 1847,2277 1892,2271 1937,2268 1982,2268 2027,2265 2071,2262 2116,2262 2161,2259 2206,2259 2250,2259 2295,2253 2340,2250 2385,2247 2430,2250 2474,2247 2519,2247 2564,2244 2609,2244 2653,2244 2698,2244 2743,2244 2788,2247 2833,2244 2877,2247 2922,2238 2967,2238 3012,2235 3056,2235 3101,2233 3146,2230 3191,2227 3236,2221 3280,2218 3325,2215 3370,2209 3415,2206 3459,2203 3504,2200"/>
                <TextEquiv>
                    <Unicode>Vormittag schon irgendwo hinaus, um im</Unicode>
                </TextEquiv>
            </TextLine>
            <TextLine id="line_1676903783068_9329" custom="readingOrder {index:6;} person {offset:34; length:8;} place {offset:34; length:8;}">
                <Coords points="570,2435 617,2429 662,2426 707,2423 1513,2376 3707,2283 3752,2283 3752,2333 3618,2342 3573,2345 3528,2348 2722,2399 1155,2470 976,2476 573,2485 570,2485"/>
                <Baseline points="570,2480 573,2480 617,2474 662,2471 707,2468 752,2468 797,2465 841,2462 886,2465 931,2468 976,2471 1020,2465 1065,2462 1110,2462 1155,2465 1200,2456 1244,2450 1289,2444 1334,2441 1379,2436 1423,2433 1468,2427 1513,2421 1558,2421 1767,2418 1782,2415 1827,2409 1871,2406 1916,2406 1961,2403 2006,2403 2050,2403 2095,2400 2140,2397 2185,2397 2230,2397 2274,2397 2319,2397 2364,2391 2409,2391 2453,2391 2498,2391 2543,2388 2588,2391 2633,2391 2677,2394 2722,2394 2767,2388 2812,2382 2856,2379 2901,2376 2946,2373 2991,2373 3036,2370 3080,2367 3125,2367 3170,2364 3215,2358 3259,2355 3304,2352 3349,2352 3394,2346 3439,2343 3483,2343 3528,2343 3573,2340 3618,2337 3662,2331 3707,2328 3752,2328"/>
                <TextEquiv>
                    <Unicode>Freien zu essen. Am liebsten nach Hietzing,</Unicode>
                </TextEquiv>
            </TextLine>
            <TextLine id="line_1676903787135_9334" custom="readingOrder {index:7;} person {offset:16; length:6;} place {offset:23; length:10;}">
                <Coords points="582,2591 1504,2525 1549,2522 1997,2495 3340,2444 3430,2441 3609,2438 3698,2441 3698,2491 561,2646 561,2596"/>
                <Baseline points="561,2641 582,2636 626,2636 671,2633 716,2630 761,2627 806,2624 850,2621 895,2621 940,2615 985,2615 1029,2615 1074,2615 1119,2612 1176,2597 1191,2597 1235,2597 1280,2591 1325,2585 1370,2582 1415,2579 1459,2576 1504,2570 1549,2567 1594,2567 1638,2564 1683,2561 1728,2561 1773,2555 1818,2552 1862,2552 1907,2546 1952,2543 1997,2540 2041,2540 2086,2537 2131,2540 2176,2540 2221,2543 2265,2546 2310,2543 2355,2540 2400,2537 2444,2534 2489,2534 2534,2531 2579,2531 2624,2531 2668,2528 2713,2525 2758,2525 2803,2522 2847,2519 2892,2516 2937,2513 2982,2507 3027,2507 3071,2504 3116,2501 3161,2498 3206,2498 3250,2498 3295,2492 3340,2489 3385,2489 3430,2486 3474,2489 3519,2486 3564,2486 3609,2483 3654,2486 3698,2486"/>
                <TextEquiv>
                    <Unicode>weil ich meinem Mäderl Schönbrunn zeigen</Unicode>
                </TextEquiv>
            </TextLine>
            <TextLine id="line_1676903791019_9339" custom="readingOrder {index:8;}">
                <Coords points="546,2719 2080,2638 3433,2576 3477,2576 3477,2626 2886,2670 1274,2757 1012,2769 788,2772 546,2769"/>
                <Baseline points="546,2764 564,2764 609,2764 653,2764 698,2764 743,2764 788,2767 832,2764 877,2764 922,2764 967,2764 1012,2764 1056,2761 1274,2752 1319,2743 1364,2737 1409,2734 1453,2731 1498,2722 1543,2722 1588,2719 1632,2719 1677,2710 1722,2707 1767,2701 1812,2701 1856,2698 1901,2695 1946,2692 1991,2689 2035,2686 2080,2683 2125,2683 2170,2683 2215,2680 2259,2683 2304,2683 2349,2680 2394,2680 2438,2680 2483,2680 2528,2680 2573,2674 2618,2671 2662,2665 2707,2662 2752,2659 2797,2662 2842,2662 2886,2665 2907,2659 2940,2656 2985,2653 3030,2650 3074,2644 3119,2639 3164,2636 3209,2633 3253,2633 3298,2630 3343,2627 3388,2624 3529,2626 3573,2626"/>
                <TextEquiv>
                    <Unicode>möchte. Wir würden uns sehr freuen,</Unicode>
                </TextEquiv>
            </TextLine>
            <TextLine id="line_1676903795713_9344" custom="readingOrder {index:9;}">
                <Coords points="576,2877 606,2874 1859,2802 3316,2722 3540,2719 3585,2719 3630,2719 3674,2722 3719,2731 3809,2749 3809,2799 964,2924 576,2927"/>
                <Baseline points="576,2922 606,2919 650,2919 695,2919 740,2919 785,2916 829,2916 874,2916 919,2916 964,2919 1009,2916 1053,2913 1098,2910 1143,2907 1188,2907 1232,2898 1277,2889 1322,2886 1367,2883 1412,2880 1456,2874 1501,2868 1546,2868 1591,2865 1635,2862 1680,2859 1725,2856 1770,2853 1815,2850 1859,2847 1904,2847 1949,2847 1994,2847 2038,2842 2083,2836 2128,2833 2173,2830 2218,2830 2262,2830 2307,2830 2352,2824 2397,2824 2441,2821 2486,2818 2531,2818 2576,2815 2621,2812 2665,2809 2710,2809 2755,2809 2800,2809 2844,2812 2889,2806 2934,2800 2979,2794 3024,2791 3068,2788 3113,2788 3158,2785 3203,2788 3316,2767 3361,2767 3406,2767 3451,2767 3495,2767 3540,2764 3585,2764 3630,2764 3674,2767 3719,2776 3764,2788 3809,2794"/>
                <TextEquiv>
                    <Unicode>wenn Sie mir uns beisammen sein könnten.</Unicode>
                </TextEquiv>
            </TextLine>
            <TextLine id="line_1676903799930_9349" custom="readingOrder {index:10;} structure {type:paragraph;} closer {offset:0; length:17;} signed {offset:15; length:2;}">
                <Coords points="1976,2988 2507,2955 2641,2949 3125,2937 3170,2937 3215,2943 3215,2993 2015,3038 1976,3038"/>
                <Baseline points="1976,3033 2015,3033 2059,3030 2104,3027 2149,3024 2194,3021 2238,3018 2283,3015 2328,3012 2373,3009 2418,3006 2462,3003 2507,3000 2552,3000 2597,2997 2641,2994 2686,2994 2997,2994 3036,2988 3080,2985 3125,2982 3170,2982 3536,3054"/>
                <TextEquiv>
                    <Unicode>Herzlichst Ihr S.</Unicode>
                </TextEquiv>
            </TextLine>
            <TextLine id="tr_1_tl_13" custom="readingOrder {index:11;} structure {type:paragraph;} postscript {offset:0; length:53; continued:true;} person {offset:20; length:4;} person {offset:45; length:8;}">
                <Coords points="429,3110 441,3110 486,3113 531,3116 576,3119 620,3113 665,3113 710,3110 755,3107 800,3104 844,3104 889,3104 934,3104 979,3101 1023,3104 1068,3101 1113,3095 1158,3092 1203,3089 1247,3089 1292,3089 1337,3089 1382,3089 1426,3092 1471,3092 1516,3092 1561,3092 1606,3092 1650,3089 1695,3086 1740,3086 1785,3086 1829,3083 1874,3083 1919,3080 1964,3077 2009,3080 2053,3077 2098,3077 2143,3077 2188,3074 2233,3074 2277,3074 2322,3071 2367,3074 2412,3074 2456,3068 2501,3068 2546,3068 2591,3065 2636,3065 2680,3062 2725,3065 2770,3062 2815,3062 2859,3059 2904,3059 2949,3056 2994,3053 3039,3050 3083,3044 3128,3041 3173,3041 3218,3041 3262,3041 3307,3041 3352,3041 3397,3044 3397,3094 3352,3091 3307,3091 3262,3091 3218,3091 3173,3091 3128,3091 3083,3094 3039,3100 2994,3103 2949,3106 2904,3109 2859,3109 2815,3112 2770,3112 2725,3115 2680,3112 2636,3115 2591,3115 2546,3118 2501,3118 2456,3118 2412,3124 2367,3124 2322,3121 2277,3124 2233,3124 2188,3124 2143,3127 2098,3127 2053,3127 2009,3130 1964,3127 1919,3130 1874,3133 1829,3133 1785,3136 1740,3136 1695,3136 1650,3139 1606,3142 1561,3142 1516,3142 1471,3142 1426,3142 1382,3139 1337,3139 1292,3139 1247,3139 1203,3139 1158,3142 1113,3145 1068,3151 1023,3154 979,3151 934,3154 889,3154 844,3154 800,3154 755,3157 710,3160 665,3163 620,3163 576,3169 531,3166 486,3163 441,3160 429,3160"/>
                <Baseline points="429,3155 441,3155 486,3158 531,3161 576,3164 620,3158 665,3158 710,3155 755,3152 800,3149 844,3149 889,3149 934,3149 979,3146 1023,3149 1068,3146 1113,3140 1158,3137 1203,3134 1247,3134 1292,3134 1337,3134 1382,3134 1426,3137 1471,3137 1516,3137 1561,3137 1606,3137 1650,3134 1695,3131 1740,3131 1785,3131 1829,3128 1874,3128 1919,3125 1964,3122 2009,3125 2053,3122 2098,3122 2143,3122 2188,3119 2233,3119 2277,3119 2322,3116 2367,3119 2412,3119 2456,3113 2501,3113 2546,3113 2591,3110 2636,3110 2680,3107 2725,3110 2770,3107 2815,3107 2859,3104 2904,3104 2949,3101 2994,3098 3039,3095 3083,3089 3128,3086 3173,3086 3218,3086 3262,3086 3307,3086 3352,3086 3397,3089"/>
                <TextEquiv>
                    <Unicode>Wir nehmen auch den Paul mit, und hätten mit Heinrich</Unicode>
                </TextEquiv>
            </TextLine>
            <TextLine id="tr_1_tl_14" custom="readingOrder {index:12;} postscript {offset:0; length:65; continued:true;} textStyle {offset:33; length:1;superscript:true;} unclear {offset:33; length:1;}">
                <Coords points="492,3185 531,3182 576,3182 620,3179 665,3179 710,3179 755,3179 800,3176 844,3173 889,3176 934,3173 979,3170 1023,3170 1068,3170 1113,3173 1158,3170 1203,3170 1247,3170 1292,3170 1337,3170 1382,3173 1426,3176 1471,3182 1516,3179 1561,3176 1606,3176 1650,3176 1695,3170 1740,3167 1785,3164 1829,3161 1874,3158 1919,3158 1964,3158 2009,3155 2053,3158 2098,3158 2143,3164 2188,3164 2233,3164 2277,3158 2322,3155 2367,3155 2412,3152 2456,3152 2501,3152 2546,3149 2591,3149 2636,3149 2680,3149 2725,3146 2770,3146 2815,3146 2859,3143 2904,3140 2949,3137 2994,3134 3039,3128 3083,3128 3128,3128 3173,3128 3218,3131 3262,3131 3274,3131 3286,3131 3331,3119 3376,3113 3421,3110 3465,3104 3510,3098 3555,3098 3600,3095 3600,3145 3555,3148 3510,3148 3465,3154 3421,3160 3376,3163 3331,3169 3286,3181 3274,3181 3262,3181 3218,3181 3173,3178 3128,3178 3083,3178 3039,3178 2994,3184 2949,3187 2904,3190 2859,3193 2815,3196 2770,3196 2725,3196 2680,3199 2636,3199 2591,3199 2546,3199 2501,3202 2456,3202 2412,3202 2367,3205 2322,3205 2277,3208 2233,3214 2188,3214 2143,3214 2098,3208 2053,3208 2009,3205 1964,3208 1919,3208 1874,3208 1829,3211 1785,3214 1740,3217 1695,3220 1650,3226 1606,3226 1561,3226 1516,3229 1471,3232 1426,3226 1382,3223 1337,3220 1292,3220 1247,3220 1203,3220 1158,3220 1113,3223 1068,3220 1023,3220 979,3220 934,3223 889,3226 844,3223 800,3226 755,3229 710,3229 665,3229 620,3229 576,3232 531,3232 492,3235"/>
                <Baseline points="492,3230 531,3227 576,3227 620,3224 665,3224 710,3224 755,3224 800,3221 844,3218 889,3221 934,3218 979,3215 1023,3215 1068,3215 1113,3218 1158,3215 1203,3215 1247,3215 1292,3215 1337,3215 1382,3218 1426,3221 1471,3227 1516,3224 1561,3221 1606,3221 1650,3221 1695,3215 1740,3212 1785,3209 1829,3206 1874,3203 1919,3203 1964,3203 2009,3200 2053,3203 2098,3203 2143,3209 2188,3209 2233,3209 2277,3203 2322,3200 2367,3200 2412,3197 2456,3197 2501,3197 2546,3194 2591,3194 2636,3194 2680,3194 2725,3191 2770,3191 2815,3191 2859,3188 2904,3185 2949,3182 2994,3179 3039,3173 3083,3173 3128,3173 3173,3173 3218,3176 3262,3176 3274,3176 3286,3176 3331,3164 3376,3158 3421,3155 3465,3149 3510,3143 3647,3150 3692,3147"/>
                <TextEquiv>
                    <Unicode>eine Freude. Wagen? Die Omnibus Co stellt vis a vis Wagen. Gummi!</Unicode>
                </TextEquiv>
            </TextLine>
            <TextLine id="tr_1_tl_15" custom="readingOrder {index:13;} postscript {offset:0; length:12; continued:true;} letter-end {offset:12; length:0;}">
                <Coords points="2373,3220 2409,3214 2453,3211 2498,3211 2543,3211 2588,3217 2633,3211 2656,3211 2698,3208 2743,3205 2788,3203 2833,3200 2877,3200 2922,3205 2967,3205 2967,3255 2922,3255 2877,3250 2833,3250 2788,3253 2743,3255 2698,3258 2656,3261 2633,3261 2588,3267 2543,3261 2498,3261 2453,3261 2409,3264 2373,3270"/>
                <Baseline points="2373,3265 2409,3259 2453,3256 2498,3256 2543,3256 2588,3262 2633,3256 2656,3256 2698,3253 2743,3250 2788,3248 2833,3245 2877,3245 2981,3250 3026,3250"/>
                <TextEquiv>
                    <Unicode>Sehr billig!</Unicode>
                </TextEquiv>
            </TextLine>
            <TextEquiv>
                <Unicode>Lieber, ich muß leider auch für Freitag ab¬
sagen. Ich bin diese Woche zu sehr in An¬
spruch genommen. Aber Mittwoch ganz be¬
stimmt. Hoffentlich passt Ihnen dieser Tag.
Wenn Sonntag schönes Wetter ist, fahren wir
Vormittag schon irgendwo hinaus, um im
Freien zu essen. Am liebsten nach Hietzing,
weil ich meinem Mäderl Schönbrunn zeigen
möchte. Wir würden uns sehr freuen,
wenn Sie mir uns beisammen sein könnten.
Herzlichst Ihr S.
Wir nehmen auch den Paul mit, und hätten mit Heinrich
eine Freude. Wagen? Die Omnibus Co stellt vis a vis Wagen. Gummi!
Sehr billig!</Unicode>
            </TextEquiv>
        </TextRegion>
    </Page>
</PcGts>
