4391 4574
2793 1136 3626 1390 Wien 18. 7. 05
1166 1715 3892 1973 Lieber, bis jetzt waren die Kinder krank und Paul hat
670 1886 4004 2131 uns wieder viele Sorgen gemacht. Deshalb sind wir nicht abgekom̄en.
670 2006 3888 2260 Schreiben Sie mir, ob es Ihnen passt, wenn wir Samstag nach
658 2110 3979 2368 Reichenau kommen, und ob Sie dann Lust haben (nur für diesen
649 2244 3813 2493 Fall kämen wir) am Sonntag oder Montag die Maria Zeller Partie
654 2368 3800 2647 mitzumachen. Ich habe auch Eisenerz u. s. w. vor, worüber wir
645 2468 3809 2731 aber noch sprechen könnten. Ich denke mir: Samstag Tennis,
641 2564 3979 2885 Sonntag Tennis. Montag früh od. Sonntag Abds. Abfahrt nach Mzll.
2035 2731 3675 2951 Herzliche Grüße von uns an Sie Beide
3193 2855 3380 3030 Ihr
3355 2960 3746 3130 Salten
645 3168 2373 3413 Das Stück von Bahr haben Sie erhalten?
