4138 6991
2183 1414 3295 1580 den 3. September
727 2318 3355 2592 Lieber Arthur, es ist so schönes
707 2434 3223 2756 Wetter, dass ich noch ein paar
727 2542 3487 2888 Tage hier geblieben bin. So habe
691 2674 3703 3068 ich noch Leo Fan Jung und Goldmann
731 2834 3527 3200 gesehen. G. habe ich unverändert
723 2942 3663 3344 gefunden und er hat wieder einen
727 3070 3663 3472 schönen Eindruck gemacht. Das ist
727 3218 3591 3616 doch Einer, von dem man sagen
719 3374 3431 3744 kann, er sein ein absolut guter
703 3510 3671 3880 Mensch. Er war sehr lieb zu mir,
687 3674 3611 4056 was mir wolgethan hat. Im
715 3810 3615 4188 Allgemeinen ist meine Stim̄ung
711 3994 3291 4352 nicht gut. Ich sehe von diesem
735 4122 3455 4484 schönen Platz aus nach Wien
747 4242 3543 4628 wie in einen dunkeln, unange¬
767 4410 3431 4788 nehmen Nebel hinein. Ich weiß
715 4562 3623 4920 nicht, was werden wird, und fühle
771 4738 3219 5064 meine Sorgen, auch wenn mir
755 4834 3495 5216 am wohlsten ist, wie man den
719 5006 3479 5360 leisen Druck permanenter Kopf¬
719 5166 3527 5524 schmerzen immer spürt und sich
703 5330 3563 5684 schließlich daran gewöhnt. Doch
719 5498 3571 5812 möchte ich gerne einmal freier
723 5690 3483 5968 athmen können, - ich glaube,
