4934 6306
821 1237 3949 1536 auch meine Erwiderung zu lesen bekäme leicht zu der
846 1465 4062 1681 irrigen Meinung verleitet werden als hätte ich jemals
822 1670 4136 1878 gewünscht oder gar von Dir verlangt, dass Du über meine
2822 1825 3596 1981 veröffentlichen
848 1898 3947 2117 Werke keine abfälligen Kritiken oder dass Du solche
833 2051 4003 2288 wenigstens nicht in Deine Bücher aufnehmen solltest.
830 2277 4210 2514 Dass mir dies jederzeit so ferne lag wie nur möglich sei
841 2434 4019 2695 hier nur der Vollständigkeit wegen ausgesprochen. Du
847 2656 4210 2926 selbst hast allerdings nun schon wiederholt den Wunsch
964 2832 1535 2963 geäußert
828 2905 4174 3099 ausgesprochen über mich nicht mehr schreiben zu müssen.
824 3082 4188 3292 Da dieser Wunsch entweder Deiner Meinung entspringt, ich
828 3272 4166 3497 würde niemals etwas Deinem Geschmack nach Gutes zu pro¬
837 3450 4019 3681 duzieren imstande sein oder Deinem Gefühl, Du würdest
823 3616 4149 3905 niemals zu einer meiner Arbeiten ein Verhältnis finden
840 3855 4307 4085 können, so schiene es mir ja allerdings angemessen, dass Du
3068 3986 4309 4158 auf eine Weise
816 4013 4221 4237 Dich Deiner Verpflichtung, über mich zu schreiben zu ent¬
847 4253 4025 4511 ledigen suchtest. Doch das ist eine Sache, die Du mit
813 4474 4160 4693 Dir selber auszumachen hast. Was ich konstatieren woll¬
844 4688 3955 4915 te ist einfach, dass Deine kritischen Ueberzeugungen
812 4762 4007 5086 nicht sonderlich stark fundiert sind, dass in den zur
811 5030 4002 5312 Diskussion stehenden Fällen jedesmal das Publikum es
824 5270 4006 5472 war und nicht ich, das von Deinen beiden Urteilen das
806 5429 4161 5669 ungünstigere zu hören resp. zu lesen bekam, und ich füge
