4107 3969
2848 1034 3157 1094 Beghof,
3163 1037 3247 1097 2.
3252 1031 3390 1091 X.12

796 1512 1013 1572 Lieber,

1084 1612 1143 1672 ich
1220 1613 1355 1673 hoffe
1405 1616 1584 1676 sehr,
1601 1618 1711 1678 dass
1770 1614 2423 1674 Rerchastikmahn
2516 1628 2779 1688 venmpahd
2847 1631 3177 1691 anfgefüht
3253 1625 3372 1685 ind
3483 1630 3592 1690 und
3660 1631 3753 1691 dess

699 1756 847 1816 nuf
910 1762 1022 1822 also
1096 1765 1276 1825 nihts
1372 1766 1488 1826 dezu
1583 1777 1890 1837 grngt,
1906 1774 1964 1834 die
2039 1771 2505 1831 Auchauslische
2579 1778 2690 1838 lieft
2765 1777 2828 1837 in
2886 1776 3034 1836 Wien
3093 1777 3104 1837 zu
3210 1777 3506 1837 elmen.
3522 1777 3702 1837 Wenn

702 1909 800 1969 Oie
876 1914 1040 1974 inder
1111 1912 1122 1972 de
1264 1916 1384 1976 und
1471 1915 1553 1975 der
1608 1918 1854 1978 Bnghof
1963 1920 2209 1980 runiget
2279 1917 2749 1977 genndmst,
2766 1923 3011 1983 möchte
3083 1923 3121 1983 ir
3181 1923 3268 1983 wol
3339 1913 3508 1973 gene
3557 1910 3568 1970 ni

729 2048 816 2108 ein
882 2048 1051 2108 naar
1102 2051 1347 2111 Wochen
1434 2051 1567 2111 Wie
1613 2051 1710 2111 wir
1781 2054 2185 2114 abeiten.
2200 2051 2308 2111 Was
2374 2049 2537 2109 sagen
2610 2051 2655 2111 Sie
2737 2051 2854 2111 zum
2931 2054 3473 2114 Brngtheater"
3488 2046 3575 2106 der
3626 2051 3764 2111 ame

722 2185 925 2245 biger
1006 2186 1110 2246 Eit
1197 2189 1336 2249 mir
1406 2185 1614 2245 end,
1632 2186 1782 2246 aber
1834 2186 1887 2246 icf
1950 2187 2170 2247 kann
2251 2183 2373 2243 mir
2465 2183 2651 2243 nicht
2732 2192 2934 2252 helfen
3091 2183 3276 2243 einen
3311 2174 3433 2234 aug
3531 2166 3623 2226 im

732 2317 949 2377 Finsig
1031 2320 1314 2380 oftmals
1401 2319 1586 2379 benser
1646 2318 1705 2378 ist
1809 2320 1896 2380 es
1972 2314 2070 2374 is
2151 2316 2511 2376 Derben,
2532 2314 2663 2374 hier
2745 2314 2864 2374 hat
2941 2309 3022 2369 der
3082 2305 3180 2365 Tod
3256 2305 3381 2365 daf
3463 2310 3675 2370 einnen

746 2454 848 2514 an
910 2451 998 2511 suf
1080 2448 1250 2508 scon
1348 2445 1528 2505 niht
1621 2451 2043 2511 übemmälig
2136 2454 2496 2514 geücanchen
2568 2445 2914 2505 Uenschen
2980 2440 3084 2500 ver
3156 2436 3289 2496 sehr
3377 2436 3727 2496 engläück¬

717 2583 906 2643 eichen
982 2586 1604 2646 Entanmlnngen
1674 2589 2025 2649 benant.
2042 2592 2366 2652 könnten
2464 2597 2556 2657 wir
2625 2589 2885 2649 Bahem
2965 2589 3064 2649 ider
3127 2592 3426 2652 vielleicht
3502 2595 3686 2655 egar

694 2744 937 2804 Rudref
1008 2744 1245 2804 Rithur
1327 2744 1844 2804 bekmmmen,
1856 2747 2234 2807 dannnäse
2327 2747 2455 2807 donn
2536 2747 2833 2807 vielleicht
2908 2741 3007 2801 für
3077 2741 3147 2801 die
3228 2738 3536 2798 Jrhnunft
3623 2741 3710 2801 ein

699 2912 854 2972 guhi
940 2916 1393 2976 mennlngen
1467 2913 1591 2973 und
1690 2908 2198 2968 känkensches
2260 2902 2675 2962 Verhältnis
2768 2893 2910 2953 zum
2978 2885 3425 2945 Bingthater
3511 2884 3796 2944 möglig¬

769 3057 913 3117 Aber
997 3057 1092 3117 das
1182 3048 1316 3108 Hir
1401 3048 1510 3108 ven
1570 3042 1789 3102 Kaalk
1908 3044 2018 3104 als
2083 3033 2366 3093 Drrcht
2471 3033 2595 3093 ur
2685 3030 2829 3090 mir
2904 3024 3282 3084 genant
3362 3014 3595 3074 werden
