4778 7081
2324 1236 2745 1296 Dien,
2765 1236 3428 1296 2.-Rebrnar
3575 1236 3776 1296 1ob

808 2117 1173 2177 Lieber
1297 2126 2047 2186 Schrileter,

2024 2331 2193 2391 Die
2318 2332 2725 2392 verden
2827 2336 3351 2396 nächsler
3477 2343 3713 2403 Tage
3839 2348 4023 2408 vorn

795 2520 945 2580 der
1075 2524 1472 2584 Grein
1574 2528 2101 2588 karleran
2217 2536 2387 2596 ein
2504 2544 3147 2604 atbbtall
3276 2552 3803 2612 ernatten
3898 2560 4048 2620 nie

778 2728 1035 2788 gane
1136 2736 2104 2796 daswrchen,
2123 2745 2494 2805 dieses
2626 2752 2921 2812 Hlt
3041 2756 3211 2816 vis
3336 2756 3625 2816 einer
3751 2768 4191 2828 kieneng

832 2932 969 2992 dir
1093 2932 1251 2992 das
1382 2936 1814 2996 anegaar
1951 2944 2305 3004 Beier
2422 2948 2573 3008 nur
2717 2956 3005 3016 derg
3130 2960 3568 3020 Haner
3699 2965 3804 3025 eie
3902 2964 4157 3024 Ber¬

823 3138 1293 3198 gchen,
1305 3139 1317 3199 da
1515 3148 1676 3208 die
1806 3148 2183 3208 beidern
2294 3149 2307 3209 so
2498 3159 3023 3219 nachster
3128 3164 3431 3224 köral
3561 3168 3777 3228 ire
3913 3172 4154 3232 gol¬

813 3333 1038 3393 Deie
1161 3344 1674 3404 Gocheeil
1810 3350 2337 3410 deer.
2350 3353 2501 3413 Ber
2631 3360 2782 3420 Bor
2918 3360 3206 3420 ires
3328 3376 4374 3436 Sehaiegergeten.

814 3536 970 3596 820
1099 3544 1290 3604 X.
1305 3544 1533 3604 Herss
1660 3548 2195 3608 Freuer,
2216 3556 2380 3616 hal
2515 3560 2793 3620 jees
2921 3568 3327 3628 tesl,
3341 3572 3498 3632 das
3626 3580 4067 3640 geglart

811 3737 1286 3797 auurse,
1306 3744 1880 3804 numegich
2013 3756 2448 3816 genacht
2568 3760 2722 3820 nur
2855 3764 3009 3824 das
3142 3768 3283 3828 eb
3563 3776 3964 3836 30lt,
3971 3785 4131 3845 nie

790 3936 950 3996 vir
1078 3940 1465 4000 Gratin
1573 3947 2101 4007 Barleian
2201 3960 2609 4020 gagl,
2622 3964 2783 4024 die
2916 3972 3344 4032 eineige
3478 3976 3839 4036 wrene
3972 3988 4280 4048 geins

785 4140 948 4200 Sie
1065 4144 1255 4204 narn
1359 4148 1862 4208 Haners
1992 4159 2520 4219 bereisen
2625 4168 3029 4228 ken.
3049 4173 3205 4233 Die
3330 4179 3721 4239 Fratin
3825 4185 3981 4245 hat
4106 4192 4334 4252 rich

782 4348 1408 4408 eraicht,
1422 4352 1575 4412 bei
1709 4356 2022 4416 Iinen
2115 4364 2443 4424 segen
2556 4376 3203 4436 anseetnng
3330 4380 3490 4440 des
3623 4387 4011 4447 ebe¬

778 4551 1213 4611 bSltes
1343 4560 1989 4620 vorsteitig
2125 4569 2227 4629 ein
2329 4572 2792 4632 verden.

1365 4756 1527 4816 Nie
1640 4767 2316 4827 neietichern
2415 4776 2711 4836 Bruge

3197 4987 3342 5047 Ihr

3544 5176 4129 5236 FelxSalten
