4179 5818
2177 888 3206 1073 Berlin, 22. IV. 06
522 1691 3656 1932 Lieber, eben, da ich mich hinsetzen will, um Ihnen zu schreiben,
462 1844 3632 2097 kommt Ihre zweite Depesche. Ich bin nun einigermaßen in Verle¬
454 1977 3664 2250 genheit. Denn wie leicht kann Brahm meinen unverlangten Rath
446 2121 3676 2378 ablehnen; kann ihn, was mir noch weniger lieb wäre, missdeuten,
446 2230 3676 2507 und als die Sucht, »dreinzureden« auffassen. Ganz abgesehen davon,
446 2370 3592 2660 dass ich ja garnicht weiss, ob Brahm auf mein Urteil auch nur
458 2523 3628 2780 das Mindeste gibt. Und ausserdem habe ich, als wir nach der Vor¬
442 2615 3539 2929 stellung beisammen waren, zu merken geglaubt, dass Brahm
438 2744 3636 3089 (vielleicht aus Theaterpolitik) Reichers Julian über den von Rittner
438 2856 3616 3214 zu stellen geneigt ist. Ich kann mich ja darin irren. Jeden¬
458 2969 3527 3339 falls erleichtert es die Situation nicht, denn ich habe Rittner
442 3097 3680 3483 in dieser Rolle nicht gesehen. Wie immer er aber auch gewesen
454 3222 3620 3584 sein mag, er war sicherlich besser als Reicher. Einfach aus
450 3359 3608 3704 dem Grund, weil es unmöglich ist, schlechter zu sein als Herr
454 3463 3636 3849 Reicher war. (Dieser Satz könnte von Goldmann sein; ist aber
442 3612 3652 3969 gleichwol richtig) Um Rittner ist doch stets ein Hauch von
458 3700 3648 4058 der Fülle der Erlebnisse. Auch ein leiser Hauch von Einsamkeit
474 3825 3580 4198 ist jetzt mehr und mehr um ihn. Rittner ist doch auf eine
478 3921 3664 4323 glaubhafte Art von Verliebtheit umgeben, von allerlei Karessen,
474 4046 3616 4431 und das Parfum vieler Frauen haftet gleichsam in seinen
486 4154 3624 4516 Kleidern. Wenn nun alle diese Dinge welk und herbstlich
486 4271 3628 4644 werden, dann haben Sie, wie es der Julian braucht, jene
506 4407 3539 4761 Melancholie, deren besondere Schattierung eben ein Goldton
498 4524 3523 4893 ist, ein verblaßender, vormals aber – das sieht man
494 4632 3636 5018 noch genau – üppiger und leuchtender Goldton. Von solchen
