4499 4208
2985 1104 3280 1164 Anterach
3361 1106 3447 1166 a.
3456 1106 3674 1166 Aleiser
3769 1106 4032 1166 Berghuf

3391 1198 3523 1258 16.
3532 1197 3709 1257 Wi.
3717 1191 3722 1251 4

701 1339 992 1399 Feiix
1111 1347 1528 1407 garer

1256 1747 1451 1807 Lieber

1560 1858 1622 1918 ich
1695 1861 1872 1921 danke
1924 1867 2096 1927 Insen
2142 1864 2330 1924 Enzeunf
2377 1859 2449 1919 für
2496 1860 2642 1920 Ieren
2699 1858 3147 1918 asführlichen
3199 1861 3323 1921 Brif
3386 1859 3433 1919 Sie
3485 1859 3755 1919 eiinnern
3817 1861 3891 1921 siet
3932 1860 3984 1920 Sie
4036 1864 4208 1924 gewiß¬

762 1986 861 2046 dass
908 1994 960 2054 Sie
1023 1998 1159 2058 selbst
1221 1998 1321 2058 mir
1404 1995 1451 2055 in
1514 1990 1582 2050 I.
1593 1993 1770 2053 Bilzzen
1843 1995 2088 2055 sagten,
2109 1992 2151 2052 die
2193 1989 2438 2049 könsen
2496 1983 2585 2043 jetzt
2653 1981 2757 2041 auf
2841 1974 2956 2034 dem
3023 1971 3379 2031 Semmering
3447 1969 3572 2029 mit
3651 1966 3817 2026 berrn
3875 1959 4183 2019 Anedikt

723 2111 1132 2171 zudammmen,
1146 2116 1250 2176 und
1309 2111 1351 2171 ob
1414 2111 1451 2171 es
1496 2111 1600 2171 mir
1674 2108 1683 2168 da
1787 2108 1910 2168 richt
1974 2105 2133 2165 sei,
2142 2102 2297 2162 wenn
2365 2096 2411 2156 Sie
2479 2088 2747 2148 briener
2815 2081 2875 2141 seg
2938 2081 3280 2141 ergebenden
3339 2078 3689 2138 Gelgenheit
3753 2065 3980 2125 meier
4048 2054 4094 2114 Er

716 2222 986 2282 wätnung
1047 2223 1149 2283 hin
1225 2228 1506 2288 wieden.
1522 2222 1583 2282 Ich
1649 2222 1766 2282 wäre
1828 2222 1838 2282 ja
1929 2222 2062 2282 nicht
2134 2216 2225 2276 auf
2291 2210 2450 2270 diesen
2511 2205 2705 2265 Enfall
2766 2198 3117 2258 gerathen.
3144 2195 3281 2255 Ene
3347 2189 3592 2249 einmal
3669 2183 3857 2243 dachte
3923 2182 3980 2242 ist
4041 2177 4194 2237 niht

733 2329 896 2389 dasan
999 2338 1106 2398 "dess
1168 2338 1219 2398 Sie
1298 2339 1383 2399 jetzt
1456 2338 1570 2398 nut
1649 2335 1813 2395 Cie
1875 2332 2141 2392 bennäikt
2220 2323 2865 2383 zusemenTreffen,
2876 2320 3029 2380 dann
3086 2312 3181 2372 aug
3255 2302 3425 2362 nußte
3487 2299 3521 2359 is
3595 2291 3736 2351 ja,
3747 2285 3861 2345 dass
3934 2281 3979 2341 Sie
4053 2278 4120 2338 sig

703 2443 801 2503 unn
884 2451 1380 2511 Freundschafliche
1437 2446 1995 2506 Rücksichtahme
2073 2440 2166 2500 auf
2233 2433 2404 2493 keirn
2481 2428 2569 2488 Dr.
2584 2431 3091 2491 Auernheinner
3174 2424 3236 2484 in
3319 2416 3494 2476 dieses
3567 2400 3748 2460 Sache
3825 2388 4161 2448 behindest

720 2559 974 2619 fülllen.
989 2559 1071 2619 Eine
1127 2559 1473 2619 Enühnung
1544 2556 1748 2616 immer
1799 2550 1972 2610 derson
2043 2550 2150 2610 und
2222 2541 2450 2601 meines
2517 2535 2787 2595 Ashilts
2848 2535 2954 2595 aus
3020 2529 3082 2589 der
3138 2529 3224 2589 Zit
3316 2526 3499 2586 birrn
3565 2511 3845 2571 Bnedillt
3922 2505 4207 2565 gegeübn

716 2666 860 2726 hatte
913 2666 980 2726 for
1048 2669 1164 2729 unf
1236 2669 1313 2729 wol
1385 2669 1501 2729 aunf
1563 2669 1674 2729 nur
1755 2654 2203 2714 efimmauiven
2271 2651 2425 2711 Erfolg
2487 2645 2670 2705 haben
2762 2641 3036 2701 srllen.
3046 2633 3200 2693 Denn
3262 2628 3339 2688 wie
3431 2629 3469 2689 Sie
3546 2625 3835 2685 süßen,
3854 2616 4047 2676 koren
4090 2611 4162 2671 wir

705 2783 1430 2843 Übrinmgekommen,
1440 2782 1548 2842 dass
1604 2777 1652 2837 Sie
1741 2775 1906 2835 nichts
1991 2761 2899 2821 Interveirendessagen.
2908 2742 3088 2802 Wenn
3167 2738 3214 2798 Sie
3285 2735 3436 2795 nun
3525 2725 3606 2785 den
3676 2720 3959 2780 Enndruck
4053 2723 4213 2783 ehig

725 2886 796 2946 das
872 2892 1030 2952 Lilbst
1122 2900 1188 2960 in
1264 2899 1346 2959 nor
1427 2895 1462 2955 st
1534 2887 1854 2947 beiläufiges
1900 2879 2195 2939 Erwühnen
2276 2879 2460 2939 meine
2541 2861 2811 2921 kanens
2887 2856 2963 2916 bei
3029 2853 3192 2913 kem
3264 2845 3554 2905 Anndilt
3645 2833 3706 2893 die
3777 2822 4143 2882 Vermütung

696 2998 752 3058 der
796 3004 1215 3064 Absichilichen
1310 3010 1410 3070 und
1494 2995 2052 3055 Intereirenden
2136 2995 2343 3055 werffen
2415 2986 2684 3046 winde,
2695 2980 2862 3040 dann
2945 2971 3035 3031 mir
3108 2971 3141 3031 es
3191 2965 3482 3025 notärig
3543 2959 3649 3019 sehr
3722 2953 3895 3013 zut,
3912 2950 4174 3010 drrastnge

698 3108 821 3168 galz
905 3110 915 3170 zu
1038 3120 1453 3180 onerden,
1463 3119 1556 3179 und
1620 3114 1650 3174 eg
1714 3114 1872 3174 danke
1936 3110 2114 3170 Inen
2188 3110 2454 3170 richmals
2503 3093 2769 3153 dafur.
2785 3092 2883 3152 Was
2928 3090 3090 3150 Ihren
3155 3087 3238 3147 Rut
3302 3079 3603 3139 beafft,
3618 3076 3820 3136 glaube
3875 3076 3909 3136 ig
3988 3078 4141 3138 nicht

753 3234 847 3294 dast
894 3236 920 3296 es
998 3242 1092 3302 ihn
1161 3242 1421 3302 befolgen
1494 3245 1714 3305 wurde.
1730 3242 1918 3302 Erts
1991 3241 2096 3301 weiß
2185 3233 2237 3293 ich
2305 3232 2315 3292 ja
2440 3224 2566 3284 nocf
2639 3221 2817 3281 silber
2896 3215 3156 3275 nicht,
3167 3211 3209 3271 ob
3276 3207 3313 3267 is
3397 3207 3590 3267 demabs
3658 3201 3836 3261 nieder
3893 3202 3987 3262 eine
4045 3210 4149 3270 fie
