4006 4208
2213 1178 3424 1393 Wien, 18. Aug. 1901
605 1671 3312 1897 Lieber Freund, herzl. Dank für Ihre ver¬
537 1885 3029 2103 schiedenen Ansichtskarten. Ich war jetzt
573 2041 3494 2267 wieder eine Woche in Ischl und gehe dieser
543 2217 3396 2440 Tage nochmals hin. Im September Ber¬
620 2384 3581 2607 lin, Hamburg. Ein Exemplar der Insel kann
564 2569 3488 2801 ich Ihnen doch erst nächste Woche schicken,
501 2724 3488 2965 und da weiß ich nicht, ob's noch dafür steht.
534 2897 3321 3162 Geben Sie mir, wenn's noch sein kann,
549 3091 3393 3335 directe Adreße an, damit es keinen
