3186 5902
1307 1474 2583 1556 Ischl, Traunquai 27, nicht 11.
2027 1650 2567 1716 18. VIII. 00.
399 2170 2903 2276 Lieber Freund, Ihre Frau Mama sagte mir heute,
351 2366 2887 2456 Sie hätten sie gefragt, wann ich nach Meran komme.
351 2546 2767 2624 Da ich daraus entnehme, dass Sie meinen Brief in
371 2714 2859 2792 Schruns schon erhalten haben, bitte ich Sie noch¬
355 2898 2891 2971 mals um Nachricht, wann Sie in Meran sind.
359 3069 2739 3151 Ich kann vom 24. an (auch früher) jeden Tag.
355 3261 2791 3335 Ich bitte Sie, mir genau die Tour zu schreiben,
347 3437 2695 3527 die Sie vorschlagen, weil ich mir von hier aus
367 3609 2631 3691 die Eisenbahnkarte darnach bestellen muß. Das
351 3793 2799 3891 dauert auch 3-4 Tage und je früher ich's weiß,
355 3989 2747 4067 desto besser ist es. Wie geht es? Es thut mir
339 4169 1979 4239 leid, dass ich nicht mit konnte.
755 4317 1587 4411 Herzlichst Ihr
1875 4433 2183 4503 Salten,
387 4701 2855 4795 Ellychen und Peter befinden sich wol, nur heißt
399 4845 1483 4979 Peter jetzt »Pumpi«.
1819 4929 2815 5027 Richtig! vor einer
