4934 6306
843 1531 4174 1768 heute noch hinzu, dass es sich beide Male, ganz besonders
867 1727 4066 1961 im Fall der »Lebendigen Stunden« nicht um Differenzen
856 1931 4141 2140 der Ausdrucksnuance, wie Du es nun darstellen möchtest,
856 2141 3640 2321 sondern um solche des Grundtons gehandelt hat.
1140 2336 4090 2551 Warum Du Dich gegen diese Feststellung so heftig
856 2525 4005 2727 zur Wehre setzst, ist umso unverständlicher als Du ja
857 2709 3906 2936 selbst noch vor Nachprüfung Deiner Briefkopien und
831 2923 4005 3138 Deines Feuilletons das Bestehen solcher Widersprüche
838 3077 4002 3342 zwischen Deinen privaten und öffentlichen Aeusserun¬
825 3305 4181 3514 gen ohneweiters zugabst und um Erklärungen dafür keines¬
827 3515 3934 3717 wegs verlegen warst. Du sprachst die Meinung aus, dass
813 3691 4078 3932 man im privaten Verkehr einem Freunde nicht gern wehe
822 3877 3870 4126 tun wolle und daher zuweilen Rücksichten nehme, die
814 4071 4088 4315 man bei Besprechung seiner Leistungen vor der Oeffent¬
808 4313 3945 4534 lichkeit ausser Acht lassen könne, ja sogar müsse. Du
840 4504 4075 4687 gabst ferner zu, dass die Aufführung eines Werkes Dich
810 4702 3800 4911 manchmal Schwächen erkennen liesse (warum niemals
814 4873 4107 5147 Vorzüge?), die Dir bei Lektüre oder Vorlesung desselben
792 5069 4116 5330 Werkes nicht aufgefallen wären. Ob diese Erklärungsver¬
803 5307 4051 5529 suche nun stimmen oder nicht, mir sind und bleiben sie
811 5490 4068 5686 Beweise, dass wir sowohl über das Wesen freundschaftli¬
814 5683 3855 5827 cher Beziehungen als über die Vorbedingungen eines
4372 2657 4432 5706 kritischen Richteramts recht verschieden denken.
