4152 7106
2145 1550 3639 1718 Wien, am 21. Juni 1899.
672 2547 1520 2653 Lieber Arthur,
1668 2543 3657 2729 die »Wr Allg. Ztg« läßt vom 3. Juli an
488 2707 3697 2997 ein Montag früh Blatt erscheinen, das mit einer literarischen
468 2823 3741 3157 Revue verbunden ist. Die Revue führt den Titel »Wr Allg. Rund¬
444 2979 3705 3325 schau.« Sie ist etwas durchaus Selbstständiges, keine Rubrik
440 3131 3749 3485 im Blatt, und soll nach dem Wunsch der Unternehmer selbst
432 3255 3709 3654 »ersten Ranges« werden. Die Zeitung habe ich erhalten, und
440 3407 3737 3810 Sie können sich denken, dass ich gerne in unserem
412 3568 3645 3966 Sinne daraus machen möchte. Da mir so wenig Zeit
428 3712 3573 4114 zur Vorbereitung bleibt, ist die Gefahr groß, dass ich von
412 3852 3677 4250 Anfang an, in Schwierigkeiten (in künstlerische) gerathe. Ich
424 3992 3677 4426 bitte Sie dringend, mir was immer zur ersten, event.
424 4124 3785 4614 zweiten Nm. zu geben. Großes oder Kleines. An Hofmannsthal
428 4288 3765 4762 schrieb ich bereits, und bitte Sie nur, nochmals auch ihn
428 4436 3765 4930 zur schleunigen Einsendung zu veranlaßen. Jetzt, (1h) be¬
428 4604 3649 5086 suche ich Schwarzkopf. Hirschfeld, mit dem ich heute Abds.
436 4752 3673 5238 nach Berlin fahre, hat die Correspondenz für Berlin über
456 4944 3661 5402 Theater, Kunst zu ganz bestimmten Terminen übernommen.
448 5096 3637 5542 Montag früh bin ich wieder da, Abds im Burgtheater und
448 5288 3528 5714 nachher kann ich Sie hoffentl. im Caféhaus sprechen.
480 5436 3737 5854 Nochmals bitte, senden Sie mir was immer. Das Honorar
476 5912 904 5998 ist gut.
1652 5852 2512 5990 Herzlichst Ihr
2672 5888 2980 5954 Salten
568 5996 3669 6346 An Dr Goldmann schreibe ich eben, bitte schreiben auch Sie an
876 6120 3665 6394 ihn und reden ihm zu. Es ist vielleicht gut, dass er wieder
1824 6272 2940 6402 auch für Wien schreibt.
