4109 3958
647 1025 3022 1286 Lieber – wir wohnen schon Pötzleinsdorfer¬
531 1210 3449 1467 straße 88. Spaziergänge, Sommerpläne u. s. w.
535 1331 3546 1624 können jetzt besprochen werden. Nach dem Sommer¬
543 1423 3694 1757 nachtstraum wollen wir nach Maria-Zell. (Ersatz für
551 1636 3642 1909 Florenz, das aus Zeitmangel entfiel) Vielleicht machen
547 1785 3509 2046 wir die Parthie zu viert, wie’s ja besprochen war?
575 1901 3538 2211 Schreiben Sie, wennn man Sie am besten trifft,
515 2058 3694 2376 und wann Ihre Frau am wenigsten gestört wird. Wir
507 2215 3558 2525 wollen bald einmal Vormittag oder Nachmittag
507 2380 3743 2722 zu Ihnen. – Die gewünschten 12 Exemplare haben
547 2589 2090 2842 Sie wol schon erhalten?
2468 2605 3369 2850 Herzlich Ihr
3248 2718 3534 3007 S.
