3226 5491
1547 1214 2603 1348 Wien, 27. Juli 99
371 1798 2667 2032 Lieber Freund, ich war jetzt ein paar
347 1990 2783 2220 Tage in Unterach, wo die Otti wohnt.
343 2154 2795 2380 Nun bin ich wieder hier, und plage
331 2314 2811 2560 mich mit der Wr Allg Rundschau, die
315 2478 2819 2736 weder mir, noch dem Dr Szeps noch
311 2602 2779 2904 den Abonnenten Freude macht. Den
291 2774 2799 3060 Abonnenten nicht, weil sie literarisch
331 2918 2695 3208 ist, dem Dr Szeps nicht, weil die
299 3050 2799 3364 Abonnenten murren, und mir nicht,
319 3230 2839 3540 weil ich nun schon mit meinem
307 3382 2691 3700 Namen dabei bin, und es nicht
299 3538 2843 3848 gerne schlecht machen möchte. Mich
311 3682 2823 4024 verstimmt das einigermaßen, wie Sie
315 3850 2751 4168 wol denken können. Mit Geiringer
323 4002 2735 4304 ist es nichts. Es ist ganz wirr und
355 4162 2899 4476 nicht einen Menschen, der für Geirin¬
