4185 4018
2396 1016 3047 1183 Berlin, 29. I. 06
610 1237 3808 1454 Lieber, wir sind also vorigen Dienstag hier angekommen, und schon am Donnerstag
512 1372 3735 1560 habe ich die Geschäfte übernommen. Da bin ich denn gleich so tief in Arbeit gerathen,
520 1486 3677 1654 dass ich weiter nichts von Berlin bemerke. Wir wohnen im »Saxonia«, nahe am
520 1581 3702 1761 Potsdamer Platz, schöne Zimmer aber elende Bedienung. Heute haben wir eine Wohnung
516 1687 3804 1859 gemiethet: Charlottenburg, Kantstraße 34, dieselbe Straße, in der das Theater d. Westens ist. Mor¬
532 1761 3747 1966 gen sind wir schon drin. Die Freiwohnung, die mir angeboten war, wollte ich nicht beziehen,
532 1859 3771 2072 weil mir vor dem zweimaligen Übersiedeln graut. Otti u. den Kindern geht es gut. Wann
524 1953 3706 2166 kommen Sie? Wir freuen uns schon darauf! Wissen Sie, dass Brahm am 5. Feber
524 2076 3112 2322 50 J. alt wird? Viele herzlichste Grüße von uns an Sie Drei
3043 2207 3362 2391 Ihr S.
