4558 7012
432 923 4084 1073 doch einmal noch Sie darauf aufmerksam machen, dass in meinem
444 1043 4152 1185 Feuilleton überall, wo etwa von Ihren Grenzen die Rede ist ein »hatte«,
448 1131 4040 1293 ein »war«, kurz ein Perfectum steht, und dass überall, wo von der Ge¬
359 1253 4128 1421 genwart gesprochen wird, das Wort Vorn, Reife, Entwicklung das Geringste
460 1315 4176 1525 ist, was gesagt wird, und dass die Thatkraft als eine hoffnungsvolle bezeich¬
464 1415 4108 1633 net wird. Das ist die Linie, die ich einhalten wollte, und die ich, wie
464 1567 3124 1733 es scheint, doch nicht straff genug gezogen habe.
464 1647 4100 1885 Noch nie habe ich eine kritische Arbeit so gerne geschrieben, und noch
464 1707 4088 1997 nie ist mir mein kritisches Amt, das ich ja nicht aus innerster Nei¬
484 1791 3976 2097 gung auf mich genommen habe, das ich aber doch immer mit
492 1875 4152 2193 Gewissenhaftigkeit und gutem Willen versehe, so verleidet und zum Über¬
496 2075 3116 2289 druß gewesen, wie jetzt, seit ich Ihren Brief empfing.
464 2151 4024 2437 Ich weiß nach dem Vorgefallenen nicht, ob ich Sie durch diesen langen
480 2239 3996 2541 Brief auch nur in einem Punct überzeugt habe. Ich weiß ja jetzt
508 2355 4056 2649 auch garnichts mehr, und ich überlege mir, ob es einen Wert für
496 2467 4036 2773 Sie haben kann, wenn ich jetzt noch Ihrer Vorlesung beiwohne.
508 2563 4040 2877 Nicht als ob mein Urtheil über Sie befangen oder schwankend
536 2683 3892 2985 gemacht werden könnte, aber wie ich Ihnen nun meine
524 2767 4140 3097 Meinung formuliren soll, und wie Sie sie aufnehmen, dessen bin
528 2899 3980 3221 ich jetzt nicht mehr sicher, und glaube, wir wollen es diesmal
544 3215 1508 3337 lieber unterlassen.
2448 3239 2980 3313 Ihr F. S.
