4071 7130
2436 1042 3335 1270 Montag.
572 1479 3540 1637 Lieber, ich wollte allerdings morgen lesen, bin
516 1639 3540 1841 aber so in Anspruch genommen, dass ichs vor¬
540 1779 3589 1993 derhand auf Freitag laßen muß, wovon ich
540 1939 3448 2137 H. heute verständigt habe. Ich wußte das
540 2083 3577 2289 schon gestern, sonst hätte ich Ihnen gestern
572 2231 3540 2425 geschrieben. Gerne kommen wir zu Ihnen,
560 2335 3496 2573 wenn Sie uns einen Tag vorschlagen. Aber
532 2483 3560 2745 dass man einander entgleitet, hat andere Ur¬
556 2627 3593 2873 sachen. Denn wiewol ich sehr beschäftigt bin,
536 2731 3536 3033 fände ich doch Zeit genug, an dem Verkehr
532 2875 3609 3177 des alten Kreises theil zu nehmen. Dieser geht je¬
536 3019 3532 3333 doch seit langem ohne mich vor sich. Was
544 3171 3520 3461 Sie heute zum ersten Mal bemerken, und als
552 3271 3532 3582 höchst ärgerlich bezeichnen, dass habe ich so
572 3411 3593 3702 oft und oft constatirt, dass ich schon auf¬
572 3556 3540 3838 gehört habe, es zu beobachten. So wenig ich
568 3700 3625 3982 das herbeigeführt habe, so wenig innere und
556 3840 3569 4122 äußere Eignung besitze ich, das heute noch
580 3944 3621 4262 zu ändern. Es fällt mir auch nicht im Min¬
584 4104 3625 4382 desten ein, die Dinge zu einer absolut nutz¬
580 4236 3613 4518 losen Discussion zu stellen, und bitte Sie ernst¬
584 4356 3484 4658 lich davon abzusehen. Nur hätte ich Ihre
600 4468 3544 4802 Bemerkung mit einer ähnlichen quittiren
560 4624 3577 4922 müßen, und das erscheint mir unmöglich,
584 4776 3520 5058 weil es meinerseits nicht aufrichtig wäre.
592 4904 3589 5194 So hab ich Ihnen lieber gleich gesagt, was
592 5052 3400 5322 ich seit langem denke, ohne damit
604 5168 3496 5450 das Geringste zu bezwecken. Reden hilft ja
604 5308 3504 5590 in solchen Fällen nichts, - es beseitigt nur
572 5448 3520 5738 Unklarheiten. Und ich hätte, wenn
604 5588 3512 5890 ich nicht dadurch die Situation selbst weiter
604 5732 3488 6010 im Unklaren gelaßen hätte, sicher noch
612 5988 2012 6138 weiter nichts gesagt.
