4528 4296
1827 1398 2124 1458 Flir
2252 1398 2576 1458 galie

3443 1476 3780 1536 Freitas

1194 1868 1460 1928 Lieber,

1571 2010 1786 2070 Baunt
1865 2012 2250 2072 wendetng
2315 2018 2504 2078 wieder
2576 2013 2856 2073 einmal
2935 2013 3033 2073 an
3111 2019 3255 2079 mig
3327 2010 3490 2070 (eel
3562 1997 3575 2057 Sü
3686 1996 3843 2056 bn

1548 2159 1758 2219 Tfen
1811 2168 2050 2228 haber)
2120 2170 2161 2230 Er
2214 2172 2389 2232 bittet
2482 2172 2716 2232 mif,
2733 2163 2797 2223 Sie
2856 2160 3177 2220 anfenert
3253 2160 3405 2220 danm
3493 2151 3504 2211 zu
3627 2150 3901 2210 machn

3466 2197 3535 2257 Sas

1564 2303 1661 2363 dess
1728 2310 1819 2370 Ihr
1868 2309 2099 2369 Bitrag
2149 2309 2155 2369 (
2203 2306 2422 2366 fruden
2489 2303 2538 2363 er
2599 2309 2818 2369 Ihnen
2885 2303 3110 2363 bestes
3153 2292 3427 2352 dank!!
3445 2285 3566 2345 des
3633 2279 3945 2339 einjige¬

1515 2422 1710 2482 nicht
1793 2428 1899 2488 auf
1982 2431 2183 2491 Enung
2255 2428 2260 2488 z
2397 2428 2775 2488 bezisbende
2852 2428 2870 2488 de
2965 2425 3154 2485 dihen
3225 2416 3427 2476 wärde
3539 2411 3628 2471 in
3710 2406 3935 2466 sener¬

1527 2563 1951 2623 Frrbthaftern
2029 2566 2531 2626 Hallepende,
2542 2560 2776 2620 wicsge
2888 2549 3217 2609 dinen
3306 2539 3574 2599 Lesins
3657 2527 3997 2587 Sidin¬

1568 2682 1724 2742 i.
1738 2683 1744 2743 E
1847 2685 1982 2745 läßt
2057 2687 2125 2747 Sie
2214 2691 2513 2751 bisten,
2534 2688 2676 2748 ihne
2765 2680 2962 2740 heute
3030 2674 3146 2734 dor
3200 2669 3622 2729 magen-
3636 2656 3785 2716 weie
3853 2654 3907 2714 er

1526 2805 1705 2865 schon
1786 2799 1909 2859 sehr
2001 2802 2100 2862 eier
2292 2809 2512 2869 ind
2593 2799 2808 2859 ewar
2895 2806 3174 2866 Lessurg
3255 2799 3574 2859 sofanden
3667 2796 3684 2856 zu
3824 2781 4125 2841 Snden.

1540 2937 1677 2997 sind
1754 2931 1798 2991 er
1869 2933 2012 2993 wund
2095 2936 2418 2996 dane,
2435 2930 2583 2990 um
2660 2923 2803 2983 Ihre
2891 2918 3242 2978 Aninart
3336 2912 3346 2972 zu
3506 2909 3841 2969 kören,
3858 2903 3962 2963 bis

1553 3052 1678 3112 ud
1763 3052 2081 3112 anufen
2217 3052 2353 3112 Weie
2439 3052 2506 3112 Sie
2575 3047 2728 3107 kein
2790 3029 3057 3089 Tilfon
3119 3024 3278 3084 u..
3290 3020 3380 3080 V.)

2097 3184 2222 3244 hut
2301 3175 2618 3235 basldigen
2692 3166 3140 3226 Wiedenehen
3230 3157 3372 3217 u.
3383 3148 3769 3208 herzlirnne
3848 3145 4069 3205 Füühn

2538 3303 2653 3363 in
2740 3291 2952 3351 Haus
3062 3283 3074 3343 zu
3201 3273 3408 3333 kons

3589 3297 3656 3357 Ser

3678 3435 3920 3495 Salten
