<?xml version="1.0" encoding="UTF-8" standalone="yes"?>
<PcGts xmlns="http://schema.primaresearch.org/PAGE/gts/pagecontent/2013-07-15" xmlns:xsi="http://www.w3.org/2001/XMLSchema-instance" xsi:schemaLocation="http://schema.primaresearch.org/PAGE/gts/pagecontent/2013-07-15 http://schema.primaresearch.org/PAGE/gts/pagecontent/2013-07-15/pagecontent.xsd">
    <Metadata>
        <Creator>Transkribus</Creator>
        <Created>2023-01-18T10:26:11.446+01:00</Created>
        <LastChange>2023-07-06T18:04:19.574+02:00</LastChange>
        <TranskribusMetadata docId="1297600" pageId="51644825" pageNr="149" tsid="129042200" status="IN_PROGRESS" userId="100952" imgUrl="https://files.transkribus.eu/Get?id=NRERPYZWMIJARSQWJBYGJRVS&amp;fileType=view" xmlUrl="https://files.transkribus.eu/Get?id=UFDHATZDYCQGUKEYGJVJRTPL" imageId="42229260"/>
    </Metadata>
    <Page imageFilename="MS-SCHNITZLER-B-00089-A-00002-000-00089-R.tif" imageWidth="4286" imageHeight="4018">
        <ReadingOrder>
            <OrderedGroup id="ro_1695210541493" caption="Regions reading order">
                <RegionRefIndexed index="0" regionRef="tr_1"/>
                <RegionRefIndexed index="1" regionRef="region_1688390265606_143"/>
            </OrderedGroup>
        </ReadingOrder>
        <TextRegion id="tr_1" custom="readingOrder {index:0;}">
            <Coords points="656,1317 3913,1317 3913,2824 656,2824"/>
            <TextLine id="tr_1_tl_1" custom="readingOrder {index:0;} salute {offset:0; length:7;} letter-begin {offset:0; length:0;}">
                <Coords points="656,1355 677,1352 722,1352 767,1346 811,1343 856,1340 901,1337 946,1334 991,1328 1035,1322 1035,1372 991,1378 946,1384 901,1387 856,1390 811,1393 767,1396 722,1402 677,1402 656,1405"/>
                <Baseline points="656,1400 677,1397 722,1397 767,1391 811,1388 856,1385 901,1382 946,1379 991,1373 1035,1367"/>
                <TextEquiv>
                    <Unicode>Lieber,</Unicode>
                </TextEquiv>
            </TextLine>
            <TextLine id="line_1676903472325_9052" custom="readingOrder {index:1;} person {offset:35; length:4;}">
                <Coords points="1146,1465 1158,1462 1247,1456 1695,1438 3680,1390 3680,1440 3635,1446 3591,1449 3546,1452 3307,1461 3128,1467 1561,1506 1146,1515"/>
                <Baseline points="1146,1510 1158,1507 1203,1504 1247,1501 1292,1501 1337,1501 1382,1501 1426,1501 1471,1501 1516,1501 1561,1501 1606,1498 1650,1492 1695,1483 1740,1483 1785,1483 1829,1483 1874,1480 1919,1480 1964,1477 2009,1477 2053,1477 2098,1477 2143,1477 2188,1477 2232,1477 2277,1480 2322,1477 2367,1477 2411,1474 2456,1474 2501,1474 2546,1471 2591,1471 2635,1468 2680,1462 2725,1462 2770,1459 2814,1459 2859,1462 2904,1462 2949,1462 2994,1465 3038,1462 3083,1462 3128,1462 3173,1459 3217,1459 3262,1456 3307,1456 3400,1450 3412,1450 3456,1450 3501,1447 3546,1447 3591,1444 3635,1441 3680,1435"/>
                <TextEquiv>
                    <Unicode>vielleicht ist es Ihnen oder Ihrer Frau</Unicode>
                </TextEquiv>
            </TextLine>
            <TextLine id="line_1676903478805_9060" custom="readingOrder {index:2;} person {offset:20; length:6;} person {offset:37; length:6;}">
                <Coords points="683,1647 2035,1581 2979,1555 3403,1546 3537,1546 3582,1546 3626,1546 3817,1555 3817,1605 737,1700 683,1697"/>
                <Baseline points="683,1692 692,1692 737,1695 782,1692 826,1689 871,1689 916,1683 961,1680 1005,1680 1050,1680 1095,1677 1140,1674 1185,1671 1229,1668 1274,1665 1319,1665 1364,1662 1408,1662 1453,1662 1498,1659 1543,1659 1588,1656 1632,1653 1677,1650 1722,1650 1767,1647 1811,1644 1856,1638 1901,1635 1946,1632 1991,1629 2035,1626 2080,1626 2125,1626 2170,1626 2214,1626 2259,1629 2304,1629 2349,1626 2394,1626 2438,1623 2483,1617 2528,1617 2573,1614 2617,1611 2662,1611 2707,1608 2752,1608 2797,1608 2841,1606 2886,1603 2979,1600 3023,1600 3068,1600 3113,1600 3158,1597 3203,1597 3247,1600 3292,1594 3403,1591 3447,1597 3492,1594 3537,1591 3582,1591 3626,1591 3671,1594 3716,1597 3761,1600 3806,1600 3817,1600"/>
                <TextEquiv>
                    <Unicode>von Interesse, dass Mirjam bei ihren Eltern</Unicode>
                </TextEquiv>
            </TextLine>
            <TextLine id="line_1676903484014_9066" custom="readingOrder {index:3;}">
                <Coords points="668,1802 704,1799 1376,1755 1600,1743 1734,1737 2853,1689 3609,1674 3653,1674 3743,1674 3743,1724 3698,1727 749,1852 668,1852"/>
                <Baseline points="668,1847 704,1844 749,1847 794,1844 838,1841 883,1841 928,1835 973,1832 1017,1826 1062,1826 1107,1820 1152,1817 1197,1817 1241,1814 1286,1808 1331,1803 1376,1800 1420,1800 1465,1797 1510,1794 1555,1791 1600,1788 1644,1788 1689,1788 1734,1782 1779,1782 1823,1782 1868,1779 1913,1779 1958,1776 2003,1776 2047,1776 2092,1773 2137,1773 2182,1776 2226,1776 2271,1773 2316,1773 2361,1770 2406,1767 2450,1761 2495,1758 2540,1749 2585,1746 2629,1746 2674,1743 2719,1743 2764,1740 2809,1737 2853,1734 2952,1734 2991,1734 3035,1737 3080,1737 3125,1734 3170,1734 3214,1731 3259,1731 3367,1728 3385,1728 3429,1728 3474,1725 3519,1725 3564,1722 3609,1719 3653,1719 3698,1722 3743,1719"/>
                <TextEquiv>
                    <Unicode>bleibt. Dazu dürften neben dem Brief Ihrer</Unicode>
                </TextEquiv>
            </TextLine>
            <TextLine id="line_1676903488253_9071" custom="readingOrder {index:4;} person {offset:0; length:4;} person {offset:8; length:13;}">
                <Coords points="683,1958 844,1937 979,1925 1247,1904 1426,1892 1561,1883 1606,1880 2009,1856 3680,1814 3725,1814 3770,1814 3815,1817 3904,1823 3913,1826 3913,1876 710,2008 683,2008"/>
                <Baseline points="683,2003 710,2003 755,1997 800,1991 844,1982 889,1979 934,1976 979,1970 1023,1970 1068,1967 1113,1967 1158,1961 1203,1955 1247,1949 1292,1946 1337,1943 1382,1940 1426,1937 1471,1937 1516,1934 1561,1928 1606,1925 1650,1925 1695,1922 1740,1922 1785,1919 1829,1913 1874,1913 1919,1910 1964,1907 2009,1901 2053,1901 2098,1904 2143,1904 2188,1904 2232,1901 2277,1901 2322,1901 2367,1898 2411,1895 2456,1895 2501,1901 2546,1901 2591,1904 2635,1901 2680,1895 2725,1892 2770,1889 2814,1889 2859,1886 2904,1886 2949,1883 2994,1886 3038,1883 3083,1883 3128,1880 3173,1880 3217,1880 3262,1877 3367,1871 3412,1871 3456,1868 3501,1865 3546,1865 3591,1865 3635,1862 3680,1859 3725,1859 3770,1859 3815,1862 3859,1868 3904,1868 3913,1871"/>
                <TextEquiv>
                    <Unicode>Frau an Mirjams Vater, wiederholte dringen¬</Unicode>
                </TextEquiv>
            </TextLine>
            <TextLine id="tr_1_tl_12" custom="readingOrder {index:5;} person {offset:21; length:6;}">
                <Coords points="656,2083 695,2083 740,2080 785,2077 829,2071 874,2074 919,2074 964,2074 1008,2071 1053,2071 1098,2068 1143,2062 1188,2056 1232,2053 1277,2050 1322,2044 1367,2041 1411,2038 1456,2035 1501,2032 1546,2029 1591,2026 1635,2020 1680,2017 1725,2011 1770,2011 1814,2008 1859,2011 1904,2011 1949,2008 1994,2005 2038,1999 2083,1999 2128,1993 2173,1990 2217,1990 2262,1990 2307,1990 2352,1987 2397,1984 2441,1984 2486,1984 2531,1987 2576,1993 2620,1993 2665,1990 2710,1987 2755,1987 2800,1984 2844,1984 2889,1984 2934,1981 2979,1975 3023,1981 3068,1984 3113,1984 3158,1984 3203,1981 3247,1978 3292,1978 3337,1975 3382,1975 3426,1975 3471,1972 3516,1966 3561,1964 3606,1964 3650,1966 3695,1964 3740,1966 3785,1966 3829,1966 3829,2016 3785,2016 3740,2016 3695,2014 3650,2016 3606,2014 3561,2014 3516,2016 3471,2022 3426,2025 3382,2025 3337,2025 3292,2028 3247,2028 3203,2031 3158,2034 3113,2034 3068,2034 3023,2031 2979,2025 2934,2031 2889,2034 2844,2034 2800,2034 2755,2037 2710,2037 2665,2040 2620,2043 2576,2043 2531,2037 2486,2034 2441,2034 2397,2034 2352,2037 2307,2040 2262,2040 2217,2040 2173,2040 2128,2043 2083,2049 2038,2049 1994,2055 1949,2058 1904,2061 1859,2061 1814,2058 1770,2061 1725,2061 1680,2067 1635,2070 1591,2076 1546,2079 1501,2082 1456,2085 1411,2088 1367,2091 1322,2094 1277,2100 1232,2103 1188,2106 1143,2112 1098,2118 1053,2121 1008,2121 964,2124 919,2124 874,2124 829,2121 785,2127 740,2130 695,2133 656,2133"/>
                <Baseline points="656,2128 695,2128 740,2125 785,2122 829,2116 874,2119 919,2119 964,2119 1008,2116 1053,2116 1098,2113 1143,2107 1188,2101 1232,2098 1277,2095 1322,2089 1367,2086 1411,2083 1456,2080 1501,2077 1546,2074 1591,2071 1635,2065 1680,2062 1725,2056 1770,2056 1814,2053 1859,2056 1904,2056 1949,2053 1994,2050 2038,2044 2083,2044 2128,2038 2173,2035 2217,2035 2262,2035 2307,2035 2352,2032 2397,2029 2441,2029 2486,2029 2531,2032 2576,2038 2620,2038 2665,2035 2710,2032 2755,2032 2800,2029 2844,2029 2889,2029 2934,2026 2979,2020 3023,2026 3068,2029 3113,2029 3158,2029 3203,2026 3247,2023 3292,2023 3337,2020 3382,2020 3426,2020 3471,2017 3516,2011 3561,2009 3606,2009 3650,2011 3695,2009 3740,2011 3785,2011 3829,2011"/>
                <TextEquiv>
                    <Unicode>de Briefe von mir an Mirjam beigetragen</Unicode>
                </TextEquiv>
            </TextLine>
            <TextLine id="line_1676903494848_9078" custom="readingOrder {index:6;} person {offset:26; length:2;}">
                <Coords points="683,2238 2014,2122 2059,2119 3188,2077 3656,2068 3656,2118 3612,2124 3522,2133 3477,2136 779,2288 734,2288 689,2288 683,2288"/>
                <Baseline points="683,2283 689,2283 734,2283 779,2283 823,2280 868,2274 913,2271 958,2268 1003,2265 1047,2262 1092,2259 1137,2256 1182,2247 1223,2241 1253,2238 1298,2232 1343,2229 1388,2226 1432,2229 1477,2223 1522,2217 1567,2211 1611,2203 1656,2200 1701,2200 1746,2197 1791,2194 1835,2194 1880,2191 1925,2185 1970,2176 2014,2167 2059,2164 2104,2164 2149,2167 2194,2167 2238,2167 2283,2164 2328,2164 2373,2164 2417,2152 2462,2158 2609,2173 2650,2167 2695,2161 2740,2158 2785,2155 2829,2152 2874,2146 2919,2140 2964,2137 3009,2137 3053,2137 3098,2131 3143,2131 3188,2122 3346,2128 3388,2134 3432,2131 3477,2131 3522,2128 3567,2122 3612,2119 3656,2113"/>
                <TextEquiv>
                    <Unicode>haben. Für den Fall, dass M. Sie</Unicode>
                </TextEquiv>
            </TextLine>
            <TextLine id="line_1676903498490_9083" custom="readingOrder {index:7;}">
                <Coords points="695,2381 1913,2268 2373,2247 2841,2229 3065,2223 3561,2214 3606,2214 3606,2264 3471,2273 3426,2276 749,2434 704,2434 695,2431"/>
                <Baseline points="695,2426 704,2429 749,2429 794,2426 838,2420 883,2414 928,2409 973,2406 1017,2403 1062,2397 1107,2391 1152,2391 1197,2388 1241,2385 1286,2382 1331,2379 1376,2376 1420,2370 1465,2364 1510,2358 1555,2355 1600,2352 1644,2349 1689,2346 1734,2340 1779,2331 1823,2331 1868,2325 1913,2313 1922,2316 1964,2316 2009,2316 2053,2322 2098,2322 2143,2319 2188,2319 2232,2316 2277,2310 2373,2292 2394,2292 2438,2295 2483,2295 2528,2292 2573,2289 2617,2289 2662,2286 2707,2283 2752,2280 2797,2277 2841,2274 2886,2274 2931,2274 2976,2274 3020,2271 3065,2268 3095,2268 3113,2271 3158,2268 3203,2271 3247,2271 3292,2271 3337,2271 3382,2268 3426,2271 3471,2268 3516,2262 3561,2259 3606,2259"/>
                <TextEquiv>
                    <Unicode>davon noch nicht in Kenntnis gesetzt</Unicode>
                </TextEquiv>
            </TextLine>
            <TextLine id="line_1676903506097_9089" custom="readingOrder {index:8;}">
                <Coords points="674,2537 1023,2498 1629,2444 1674,2441 2507,2393 2970,2369 3417,2349 3552,2346 3597,2346 3641,2346 3776,2352 3776,2402 719,2587 674,2587"/>
                <Baseline points="674,2582 719,2582 764,2579 808,2576 853,2570 898,2564 946,2559 1023,2543 1047,2543 1092,2540 1137,2543 1182,2543 1226,2543 1271,2540 1316,2534 1361,2531 1406,2528 1450,2522 1495,2513 1540,2507 1585,2495 1629,2489 1674,2486 1719,2489 1764,2489 1808,2480 1853,2477 1898,2474 1943,2471 1988,2471 2032,2468 2077,2465 2122,2465 2167,2462 2211,2465 2256,2462 2301,2462 2346,2462 2507,2438 2522,2438 2567,2438 2611,2435 2656,2432 2701,2435 2746,2432 2791,2432 2835,2429 2880,2426 2925,2420 2970,2414 3014,2414 3059,2411 3104,2409 3149,2409 3194,2406 3238,2403 3283,2403 3328,2400 3373,2397 3417,2394 3462,2394 3507,2394 3552,2391 3597,2391 3641,2391 3686,2397 3731,2397 3776,2397"/>
                <TextEquiv>
                    <Unicode>hat, sende ich Ihnen diese Mittheilung,</Unicode>
                </TextEquiv>
            </TextLine>
            <TextLine id="tr_1_tl_21" custom="readingOrder {index:9;} structure {type:paragraph;} closer {offset:0; length:6; continued:true;}">
                <Coords points="2462,2623 2498,2623 2543,2626 2588,2629 2632,2626 2677,2623 2722,2620 2767,2617 2812,2617 2856,2623 2901,2620 2901,2670 2856,2673 2812,2667 2767,2667 2722,2670 2677,2673 2632,2676 2588,2679 2543,2676 2498,2673 2462,2673"/>
                <Baseline points="2462,2668 2498,2668 2543,2671 2588,2674 2632,2671 2677,2668 2722,2665 2767,2662 2812,2662 2856,2668 2901,2665"/>
                <TextEquiv>
                    <Unicode>herzl.</Unicode>
                </TextEquiv>
            </TextLine>
            <TextLine id="tr_1_tl_22" custom="readingOrder {index:10;} structure {type:paragraph;} closer {offset:0; length:6; continued:true;} signed {offset:0; length:6;} letter-end {offset:6; length:0;}">
                <Coords points="3220,2752 3265,2755 3310,2755 3355,2755 3400,2749 3444,2749 3489,2749 3534,2746 3579,2746 3623,2749 3668,2752 3713,2758 3758,2758 3803,2764 3835,2769 3835,2819 3803,2814 3758,2808 3713,2808 3668,2802 3623,2799 3579,2796 3534,2796 3489,2799 3444,2799 3400,2799 3355,2805 3310,2805 3265,2805 3220,2802"/>
                <Baseline points="3103,2824 3148,2827 3310,2800 3355,2800 3400,2794 3444,2794 3489,2794 3534,2791 3579,2791 3623,2794 3668,2797 3713,2803 3758,2803 3803,2809 3835,2814"/>
                <TextEquiv>
                    <Unicode>Salten</Unicode>
                </TextEquiv>
            </TextLine>
            <TextEquiv>
                <Unicode></Unicode>
            </TextEquiv>
        </TextRegion>
        <TextRegion type="paragraph" id="region_1688390265606_143" custom="readingOrder {index:1;} structure {type:paragraph;}">
            <Coords points="614,2935 614,3297 1467,3297 1467,2935"/>
            <TextLine id="line_1688390265669_146" custom="readingOrder {index:0;} postscript {offset:0; length:9;} dateline {offset:0; length:9;} date {offset:0; length:9;year:0; day:0; month:0;}">
                <Coords points="614,2935 1467,2935 1467,3297 614,3297"/>
                <TextEquiv>
                    <Unicode>29/IX. 03</Unicode>
                </TextEquiv>
            </TextLine>
            <TextEquiv>
                <Unicode>29/IX. 03</Unicode>
            </TextEquiv>
        </TextRegion>
    </Page>
</PcGts>
