4913 6306
789 1427 1607 1707 sein scheint.
1088 1660 4124 1871 Du magst es Dir weiter in dem Wahne wohl sein las¬
817 1873 4027 2128 sen, dass aus all dem, was ich hier Gesagt habe, am Ende
805 2060 4026 2325 doch nicht anderes spräche als die verletzte Empfind¬
816 2258 3852 2491 lichkeit des getadelten oder des nicht genügend gelobten
820 2456 3801 2723 dramatischen Autors. So frei ich mich von solcher
807 2651 4037 2868 Empfindlichkeit weiss genz besonders Dir gegenüber, so
1683 2790 2685 2940 allgemeinere,
829 2811 4206 3076 lässt sich hier eine, gewissermassen abschliessende Bemerkung,
804 3077 4068 3335 nicht wohl vermeiden. Es ist nicht zu bestreiten, dass
863 3247 4161 3456 mir mit der Mehrzahl der Menschen ganz ungestört weiter
847 3445 4088 3660 verkehren können undd dürfen, auch dann, wenn wir uns ge¬
918 3623 1363 3756 wöhnt
831 3628 3978 3901 drungen sehen, ihre beruflichen Leistungen gering zu
855 3854 4206 4047 schätzen. Ein Schuhfabrikant auch wenn er das miserabel¬
851 4049 4062 4278 ste Zeug liefert (besonders, wenn Du Deine Stiefel an¬
863 4235 3985 4445 derswo beziehst), ein schlechter Jurist, ein untüchti¬
865 4427 3964 4668 ger Arzt, ein mässiger Klavierspieler und selbst ein
855 4623 4087 4835 Schriftsteller, der ohne innere Beteiligung, vielleicht
863 4827 4117 5046 fürs tägliche Brot und nur dafür seine sogenannten No¬
886 5046 3978 5263 vellen und Stücke verfasst – sie alle können Deinem
857 5229 4104 5454 Herzen nahe bleiben, wenn sie nur sonst redliche, nette
878 5404 4195 5661 und verträgliche Leute vorstellen. Der Einzige, mit dem
3664 5559 3821 5661 eine
893 5637 4126 5871 es Dir nicht gelingen wird und darf freundschaftliche
