2816 4099
244 743 2674 849 Intentionen aufzuklären, seine Verstimmung zu
250 868 2585 969 beheben. Dass ich auch dies Letzte, - ohne böse
265 973 2677 1097 Absicht, ohne einen schlimmen Nebengedanken -
265 1086 2731 1214 aussprach, ist wieder nur ein Freundschaftsbeweis.
265 1196 2710 1336 Nichts in meinem bisherigen Verhalten gegen Sie,
265 1310 2674 1455 nichts in meinem Brief gibt ihnen ein Recht zu
280 1417 2725 1572 der Annahme, ich hätte Ihnen ein häßliches Miss¬
274 1534 2594 1691 trauen insinuiren wollen. Dagegen muß ich
271 1647 2358 1811 mich mit aller Entschiedenheit verwehren.
271 1749 2716 1918 Man ist doch nicht »nachträgerisch«, wenn man von
274 1856 2695 2026 einer Sache tiefer berührt wird, Sie setzen consequent
268 1973 2698 2145 verletzende Worte, die ich nie gemeint habe, für die
286 2143 1421 2267 besseren und einfacheren.
295 2203 2680 2381 Ich hielt Sie, und mußte Sie für tiefer berührt halten.
265 2325 2695 2509 Sie überraschen mich jetzt durch die Mittheilung, es
271 2429 2585 2614 sei Ihnen nicht möglich, »dergleichen schwer« zu
271 2635 755 2715 nehmen.
262 2641 2722 2820 In Ihrem ersten Brief sagen Sie mir klipp und klar,
274 2755 2657 2921 Sie seien an meiner kritischen Aufrichtigkeit irre
295 2856 2683 3050 geworden. Und das las ich Sonntag. Weil ich nun
280 2976 2737 3157 besorgt wurde, wie das am Donnerstag sein wird, eine
313 3083 2651 3268 Besorgnis, von der Sie sehr genau wissen müßten,
295 3176 2674 3372 dass sie mich ebenso wie der Vorwurf kränken
304 3352 1525 3474 muß, werden Sie heftig.
283 3441 2624 3602 Sie hätten mir ruhig sagen können: »Die Sache
283 3534 2689 3718 wirklich freilich noch in mir nach, - aber kom̄en
