4223 6660
2840 1337 3321 1397 Grundese,
3328 1325 3430 1385 u.
3445 1319 3597 1379 9.2t

902 2513 1285 2573 Lieber,
1320 2537 1478 2597 zür
1513 2528 1651 2588 Ihr
1703 2507 2244 2567 Telamn
2314 2486 2489 2546 von
2558 2463 2838 2523 Geter
2890 2442 2978 2502 en
3065 2420 3255 2480 drrf
3396 2403 3483 2463 ich
3569 2383 3849 2443 mien

813 2776 1173 2836 Menzlich
1320 2736 1638 2796 Cbenss
1725 2711 1851 2771 zer
1893 2696 2085 2756 Ihre
2170 2676 2446 2736 Kaaste
2488 2658 2680 2718 aus
2743 2612 3337 2672 Msentand
3421 2581 3463 2641 di
3613 2562 3845 2622 much

809 2937 989 2997 seht
1057 2916 1369 2976 gefrettt
1483 2889 1747 2949 hat.
1779 2862 2010 2922 Gannz
2092 2839 2520 2899 beinders
2586 2801 2816 2861 aber
2914 2767 3129 2827 muß
3261 2740 3359 2800 ich
3457 2714 3753 2774 mnten

842 3097 987 3157 für
1081 3078 1226 3138 Ihr
1320 3049 1837 3109 sogensagen
1903 3010 2301 3070 OIntlich
2407 2971 2963 3031 gennsseides
3044 2908 3255 2968 Wort
3322 2881 3561 2941 den.
3587 2856 3732 2916 bet

842 3280 1237 3340 pohnag
1290 3237 1577 3297 Verlag
1668 3199 2223 3259 überralhte
2296 3164 2512 3224 mich
2618 3124 2942 3184 denent
3031 3078 3211 3138 suend
3282 3053 3391 3113 ich
3462 3034 3677 3094 nast

834 3444 1042 3504 nohl
1145 3427 1520 3487 sagen,
1547 3403 1728 3463 dass
1807 3389 1884 3449 ich
1987 3367 2233 3427 nicht
2325 3340 2467 3400 vich
2610 3250 3672 3310 dereentigangennche

821 3624 893 3684 ie
947 3600 1781 3660 Herraschungen
1855 3551 2126 3611 erlebt
2218 3509 2507 3569 habe,
2563 3476 2761 3536 Aner
2852 3443 2980 3503 der
3052 3412 3253 3472 mir
3343 3356 3868 3416 werdorllsten

900 3792 1100 3852 und
1184 3779 1441 3839 mach
1497 3759 1641 3819 as
1726 3729 2070 3789 metie
2154 3671 2812 3731 nämmendes
2868 3599 3469 3659 ansendiche
3525 3552 3637 3612 ist
3725 3534 3866 3594 der

870 3976 1194 4036 Ihre.
1226 3956 1390 4016 ach
1487 3942 1568 4002 sie
1649 3920 1813 3980 -
1830 3911 1992 3971 doch
2123 3874 2334 3934 Hozu
2464 3835 2854 3895 sotend
2952 3788 3132 3848 und
3213 3739 3863 3799 stammetnd

857 4156 987 4216 asn
1047 4143 1310 4203 Dinge
1397 4109 1850 4169 rhren,
1879 4076 1997 4136 die
2055 4056 2185 4116 sich
2274 4040 2303 4100 so
2434 4014 2727 4074 schner
2800 3948 3443 4008 ausspiehen
3515 3904 3822 3964 lolen

884 4324 977 4384 Sie
1044 4319 1419 4379 könten
1512 4289 1634 4349 ung
1727 4272 1754 4332 zu
1874 4233 2329 4293 migefähr
2437 4181 2852 4241 denken,
2879 4147 3079 4207 wans
3147 4123 3400 4183 man
3467 4099 3815 4159 empfen

874 4504 1123 4564 det,
1158 4500 1443 4560 wenn
1533 4464 1782 4524 man
1835 4443 1870 4503 so
1960 4426 2104 4486 eilt
2192 4392 2511 4452 worden
2567 4344 2921 4404 dortte.
2957 4308 3117 4368 Uund
3190 4285 3439 4345 wenn
3492 4266 3580 4326 Sie
3635 4242 3794 4302 aug

895 4676 1156 4736 nicht
1221 4645 1549 4705 genan
1614 4615 1810 4675 ales
1918 4575 2225 4635 denhn
2289 4547 2443 4607 idher
2507 4517 2857 4577 wissen,
2900 4476 3072 4536 wuns
3118 4442 3422 4502 geerte
3508 4408 3726 4468 sills

905 4830 1298 4890 bessegt,
1354 4804 1466 4864 sil
1543 4778 1880 4838 kanns
1992 4736 2178 4796 doch
2292 4705 2574 4765 nicht
2667 4674 2760 4734 ein
2797 4621 3454 4681 Wrtebringen
3547 4567 3885 4627 Jeden¬

889 4992 1141 5052 falls
1221 4966 1571 5026 haben
1629 4937 1748 4997 Sie
1825 4901 2312 4961 mengsten
2372 4845 2800 4905 Dak.
2839 4796 3074 4856 Jchr
3132 4757 3521 4817 herzlich
3640 4717 3814 4777 nit

880 5157 1413 5217 hoffentlih
1510 5115 1672 5175 mit
1760 5089 1923 5149 sehr
2021 5068 2205 5128 fald

2517 5070 2676 5130 Ihr

2789 5196 3471 5256 Senzdalten
