3980 6624
2055 919 3162 1249 Wien, 3.III.03
716 1711 3456 1909 Lieber, zur Premiere kann ich nun leider doch
548 1871 3576 2085 nicht nach Berlin; schade. Ich werde erst so gegen
628 2003 3592 2233 14.ter März reisen, und habe vorher noch enorm
592 2131 3564 2393 viel zu thun. Was sagen Sie zum Teufelskerl? Das
788 2267 3588 2513 Stück hat Herr Wiene ruinirt, wie vorauszusehen
720 2399 3572 2661 war. Sehr fühlbar wurde mir die tiefe Unmoral,
660 2515 3500 2813 die darin steckt, wenn das Alter sich als Jugend
624 2643 3492 2929 verkleidet und geberdet. Der Widerwille, den man
656 2771 3392 3065 bei solchem Schauspiel empfindet, geht bis
564 2907 3448 3209 an ein sexuelles Missbehagen, wenigstens be¬
660 3051 3316 3329 greift man die Nervenzerrüttung einer Frau,
704 3155 3500 3461 an der ein impotenter Mann heuchlerische Ver¬
708 3275 3512 3605 suche vornimmt, denn mit ähnlicher Bereit¬
704 3399 3312 3745 willigkeit zur Empfängnis sitzt so ein
1004 3523 3388 3861 Publikum im Theater. Mir wäre es sehr lieb,
716 3631 3580 4029 wenn Sie mir statt einer Ansichtskarte einmal
708 3791 3612 4165 näheres über die Proben ec. Berlin ec. schreiben,
672 4067 2132 4281 falls es Ihre Zeit gestattet.
652 4075 3408 4421 In Angelegenheit der Mirjam H. muß ich Sie
580 4207 3628 4565 nochmals bemühen: bald und möglichst schonend.
556 4335 3404 4693 Sie schreibt mir heute einen confusen Brief, ob
540 4423 3588 4829 sie »nach hier« kommen soll, oder wann ich
592 4547 3456 4973 »nach dort« komme. Ferner, dass ich nicht
548 4667 3592 5097 durch mein Wort an ihren Vater gebunden bin,
584 4827 3508 5213 falls sie mit mir verkehrt, endlich, dass ich
568 4955 3540 5361 an einen Vertrauten von ihr schreiben solle,
552 5131 3528 5541 dass sei auch nicht gegen mein Versprechen,
552 5303 3244 5697 ec, dann noch recht enervirende
596 5455 3480 5829 Dinge von »sich angehören vor aller
