4934 6426
3112 1365 3809 1525 28. I. 907.
1644 1561 4135 1747 Auch Schweigen wäre Unaufrichtigkeit. Ich
1659 1727 4301 1947 muss es Dir wieder einmal sagen. Seit Jahren
1621 1929 4319 2097 Du weisst es, verfolge ich Deine Feuilletons
1630 2114 4293 2324 mit wachsendem Widerstand. Es braucht nicht
1648 2304 4254 2511 erst gesagt zu werden, dass auch meinem Ge¬
1649 2494 4084 2679 schmack einzelheiten zusagen. Dass Du in
1658 2695 4147 2868 einzelnem Recht hast. Aber als ganzes ver¬
1643 2885 4080 3088 werf ich sie durchaus. Gesinnung und Ton.
1640 3058 4163 3239 Ich wünsche nicht mit Dir zu polemisieren,
1640 3209 4444 3417 vielmehr ich betone ausdrücklich, dass ich Un¬
1657 3431 4167 3664 recht haben kann., dass Du sachlich Recht
1659 3594 4157 3834 haben, dass Du sogar gut schreiben magst.
1671 3783 4436 4034 Alles das ist möglich. Aber erst in einer fer¬
1678 3948 4349 4229 nen Zukunft wird das zu entscheiden sein. Und
1680 4211 4136 4392 wir haben keine Zeit das abzuwarten. Das
1756 4355 4313 4552 Wesentliche ist nur, dass Du und ich so vo
1699 4565 4204 4743 wie zwei fremde Welten einander gegenüber
1714 4747 4205 4929 stehen. Dass unser Verhältnis zu dem, was
1758 4875 4341 5109 heute gesagt, gedacht, geschrieben wird, in
1727 5055 4236 5341 den wesentlichsten Punkten völlig von ein¬
1737 5255 4177 5536 ander verschieden ist. Wir sind vor fünf
