4934 6426
1687 1649 1984 1709 Jahren
2082 1639 2658 1699 anlässlich
2756 1628 3073 1688 Deiner
3173 1616 3866 1676 Stellungname

1608 1839 2122 1899 Hauptmann
2210 1826 2655 1886 gegenber
2745 1817 2906 1877 zum
2994 1807 3508 1867 erstenmal
3599 1793 4149 1853 brieflichm

1606 2035 1707 2095 an
1792 2026 2234 2086 einander
2321 2012 2797 2072 gerater.
2915 2001 3069 2061 Ich
3154 1994 3392 2054 habe
3459 1988 3563 2048 es
3630 1977 4208 2037 vorgezogen

1613 2216 1836 2276 eine
1904 2203 2540 2263 Disskussion
2644 2182 3348 2242 abzubrebhen,
3416 2168 3690 2228 deren
3778 2155 4292 2215 Hoffnungs

1605 2392 2134 2452 losigkeit
2215 2381 2365 2441 vom
2463 2373 2779 2433 ersten
2877 2364 3043 2424 Råg
3125 2358 3209 2418 an
3290 2353 3505 2413 klar
3606 2347 3688 2407 zu
3770 2343 4001 2403 Tage
4085 2337 4232 2397 lag

2822 2290 3197 2350 GenMak

1674 2580 1842 2640 Der
1920 2573 2458 2633 Verdacht,
2519 2564 2671 2624 den
2765 2556 3087 2616 später
3178 2545 3518 2605 einmal
3609 2534 3947 2594 andre,
4025 2527 4178 2587 die

1611 2766 1825 2826 mich
1918 2757 2211 2817 nicht
2287 2748 2610 2808 kennen
2703 2736 3102 2796 äussern
3179 2725 3656 2785 könnten,
3734 2716 3948 2776 dass
4026 2707 4240 2767 erst

1640 2947 2268 3007 persönliche
2344 2925 3220 2985 Empfindlichkeit
3296 2912 3525 2972 mich
3600 2903 3773 2963 die
3830 2894 4056 2954 Ver¬

1634 3139 2336 3199 schiederheit
2419 3123 2811 3183 unserer
2892 3108 3580 3168 Anschauungen
3677 3092 3939 3152 unser
3988 3085 4071 3145 er
4136 3078 4301 3138 Na¬

1631 3329 1906 3389 turen
1999 3320 2515 3380 entdecken
2606 3307 2956 3367 liess,
3031 3295 3360 3355 fälllt
3453 3285 3728 3345 damit
3803 3275 4099 3335 fort.

1697 3520 1852 3580 Nun
1954 3516 2092 3576 bin
2177 3511 2332 3571 ich
2436 3502 2642 3562 aber
2726 3492 2932 3552 fern
3019 3482 3293 3542 davon
3397 3473 3482 3533 zu
3569 3465 4031 3525 glauben,

1710 3711 1923 3771 dass
2011 3703 2116 3763 es
2189 3697 2294 3757 zu
2367 3692 2525 3752 dem
2615 3680 3112 3740 lebhaften
3217 3665 3591 3725 inneren
3699 3648 4319 3708 Differenzen

1659 3902 2114 3962 gekommen
2194 3887 2493 3947 wäre,
2555 3878 2711 3938 wie
2791 3870 2947 3930 sie
3027 3862 3183 3922 nun
3277 3850 3812 3910 bestehen,
3876 3838 4079 3898 wenn

1650 4093 1942 4153 nicht
2028 4084 2235 4144 auch
2320 4073 2596 4133 meine
2684 4062 2889 4122 rein
2976 4046 3613 4106 persönliche
3698 4028 3974 4088 Sache
4061 4017 4215 4077 zur

1663 4276 2304 4336 Verhandlung
2388 4258 2799 4318 stünde.
2866 4245 3079 4305 Auch
3162 4234 3377 4294 hier
3459 4222 3804 4282 schadt
3888 4211 4035 4271 ich

1682 4472 1999 4532 gleich
2095 4463 2253 4523 die
2333 4453 2603 4513 Frage
2700 4442 2857 4502 des
2938 4430 3286 4490 Recht-
3351 4417 3558 4477 oder
3652 4404 4050 4464 Unrecht

1675 4661 2027 4721 habens
2097 4650 2344 4710 aus.
2397 4633 2978 4693 Vielleicht
3066 4614 3278 4674 wird
3365 4602 3505 4662 Dir
3595 4592 3752 4652 die
3840 4580 4174 4640 Zkunft

1693 4842 2253 4902 beistimmen
2345 4826 2501 4886 und
2594 4816 2797 4876 wird
2890 4806 3046 4866 bei
3138 4794 3403 4854 allen
3496 4775 3948 4835 Dichtern
4040 4756 4242 4816 deut

1686 5033 1962 5093 scher
2059 5017 2531 5077 Sprache,
2595 5001 2757 5061 die
2823 4987 3116 5047 heute
3196 4971 3457 5031 leben
3553 4957 3701 5017 und
3797 4941 4235 5001 schaffen

1690 5209 2386 5269 konstatieren
2475 5188 2648 5248 was
2718 5179 2804 5239 Du
2893 5166 3171 5226 heute
3260 5138 4027 5198 konstatierst,
4096 5111 4304 5171 dass

1712 5402 1873 5462 sie
1947 5389 2289 5449 Dramen
2380 5362 3030 5422 schreiben,
3102 5342 3193 5402 in
3265 5331 3535 5391 denen
3645 5315 3915 5375 alles
3986 5296 4476 5356 mangelt,
