4072 6465
726 1091 1903 1304 Südbahn-Hôtel
827 1264 1780 1506 Semmering
1069 1416 1589 1571 Austria
1051 1538 1647 1690 Telegramme:
758 1654 1939 1777 Südbahnhôtel Semmering
1112 1845 1585 2008 Telephon:
932 1921 1762 2087 Hôtel . . . . Nr. 5.
943 2044 1770 2203 Dependance. Nr. 6.
2528 1925 3250 2188 15. II. 09
939 2593 3452 2878 Lieber, wir wollen noch etwa acht bis zehn Tage
672 2781 3337 3055 bleiben, falls das Wetter weiter so herrlich ist und sonst
661 2914 3366 3196 nichts dazwischen kommt. Wenn ich Samstag ins Theater
661 3059 3463 3377 muſs, fahre ich Sonntag früh wieder herauf. Wir wünschen
654 3192 3423 3492 sehr, dass Frau Olga recht bald wieder wol ist, und dass
661 3304 3572 3597 Sie Beide noch vor dem Sonntag hier sein können. Gestern
672 3456 3449 3759 waren noch Sportspiele da (übrigens sehr schön), dafür wird’s
639 3561 3488 3925 jetzt still. Alles Gute Ihrer Frau und herzliche Grüße von uns
1311 3824 1881 4030 zu Ihnen
2387 3781 3120 4048 Ihr Salten
