2954 4843
1271 1410 1500 2529 Herrn Dr Arthur Schnitzler
2107 1081 2389 2064 Edlach b/ Reichenau
2394 1326 2561 2486 Nied. Öst. Südbahn
706 2726 2469 2913 Lieber, wir sind etwa gegen den 10. Aug.
562 2896 2421 3048 schon in Wien. Vielleicht komme ich – wenns
557 3000 2471 3170 Ihnen recht ist – einmal zum Tennis hinaus,
562 3163 2424 3328 ehe wir nach Kaltenleutgeben gehen. – Das
502 3288 2506 3457 »umseitige« Bild ist mt dem neuen Apparat
542 3420 2536 3602 von mir gemacht. Viele herzliche Grüße von
524 3560 2122 3754 uns zu Ihnen allen; Ihr Salten
522 3799 1316 4049 Landro, 31. VII. 09
