4274 5870
3142 1091 3172 1151 1e
3272 1086 3359 1146 it
3459 1072 3603 1132 i.

791 1569 1104 1629 Lieber
1178 1563 1595 1623 Arthur,
1625 1555 2027 1615 natwrlich
2116 1555 2384 1615 kan
2429 1548 2518 1608 in
2577 1542 2786 1602 einer
2845 1528 3158 1588 solchen
3218 1516 3649 1576 Mimmer
3694 1503 3842 1563 mie

679 1734 854 1794 reie
927 1727 1613 1787 genlschafeinhe
1685 1723 2196 1783 Fraetulaton
2285 1715 2518 1775 nicht
2605 1692 2971 1752 slchen.
3014 1660 3773 1720 Hnoniturlsch

684 1891 836 1951 dass
906 1888 1140 1948 werter
1230 1881 1482 1941 nichts
1585 1871 1796 1931 daben
1867 1861 2050 1921 ist,
2080 1856 2322 1916 wenn
2393 1849 2495 1909 Sie
2596 1842 2737 1902 sich
2838 1825 2990 1885 as
3071 1797 3738 1857 irgendrelchen

686 2041 1035 2101 Frunden
1125 2023 1265 2083 sind
1334 2013 1573 2073 einem
1684 1991 2062 2051 anderen
2142 1979 2431 2039 Beitrag
2521 1963 2741 2023 nicht
2840 1943 3130 2003 daran
3209 1919 3828 1979 betweiligen

666 2173 1142 2233 konnen.
1171 2158 1240 2218 Ich
1340 2143 1539 2203 habe
1617 2135 1865 2195 Ihnen
1955 2121 2281 2181 lediglich
2421 2097 2549 2157 das
2618 2075 3183 2135 edentionelle
3292 2050 3728 2110 eireuer

645 2305 1205 2365 übersendet,
1237 2288 1345 2348 das
1420 2275 1517 2335 Sie
1604 2262 2002 2322 deshalb,
2024 2246 2186 2306 weil
2271 2237 2325 2297 es
2369 2224 2628 2284 meine
2714 2200 3252 2260 Unterschuift
3360 2171 3705 2231 trägt,
3727 2163 3866 2223 um

708 2449 965 2509 nihts
1034 2427 1279 2487 ner
1360 2398 2082 2458 berüchrichtigen
2163 2355 2710 2415 bruchen,
2734 2338 2861 2398 alss
2919 2329 3048 2389 ein
3106 2302 3617 2362 andrer¬

2351 2507 2632 2567 Herzlich
2794 2530 2942 2590 Ihr
3076 2527 3384 2587 Salten
