4175 4269
768 1637 975 1697 nicht
1054 1637 1279 1697 fehln

724 1763 856 1823 Vocn
922 1771 1060 1831 Olga
1169 1781 1415 1841 bekam
1500 1786 1572 1846 ich
1674 1787 1938 1847 gestere
2016 1784 2106 1844 ein
2178 1782 2377 1842 liebes
2449 1775 3038 1835 Telgimmmel.
3056 1766 3128 1826 Ich
3212 1755 3483 1815 hitfe,
3501 1756 3579 1816 sie
3651 1758 3783 1818 am

717 1918 1044 1978 Deenstag
1158 1921 1307 1981 noch
1439 1918 1496 1978 in
1576 1921 1937 1981 Salzbug
2035 1921 2236 1981 sehe
2327 1912 2464 1972 und
2556 1903 2671 1963 ihr
2763 1903 3044 1963 dankie
3129 1897 3141 1957 zu
3301 1888 3742 1948 köm.

716 2045 843 2105 Aus
901 2050 1185 2110 etlechen
1249 2054 1521 2114 anderen
1579 2054 2247 2114 Telegrommmem,
2270 2058 2356 2118 die
2426 2055 2623 2115 heute
2722 2052 3098 2112 konen,
3116 2043 3244 2103 wund
3342 2034 3505 2094 mur
3621 2028 3713 2088 die

718 2193 1417 2253 befürchtrungg,
1430 2196 1474 2256 es
1557 2193 1754 2253 habe
1837 2196 1907 2256 in
1990 2197 2250 2257 irgend
2333 2194 2524 2254 eint
2620 2190 2899 2250 Wiener
2976 2181 3300 2241 Gending
3395 2169 3503 2229 vin
3586 2154 3878 2214 meinen

717 2322 837 2382 D.
849 2328 1321 2388 Abterbtag
1394 2327 1908 2387 gestanden.
1927 2327 2036 2387 Das
2102 2321 2290 2381 ware
2404 2318 2568 2378 mir
2665 2315 2822 2375 sehr
2913 2300 3754 2360 uangenehen!

719 2461 1201 2521 Donnenstag
1287 2467 1562 2527 abend
1653 2464 1788 2524 woll
1909 2464 1988 2524 it
2081 2466 2147 2526 in
2239 2461 2410 2521 Wien
2489 2455 2709 2515 sein.
2721 2453 2978 2513 Alro,
2990 2442 3143 2502 auf
3246 2429 3448 2489 recht
3527 2410 3838 2470 baldiges

707 2607 1271 2667 Wiedeank,
1302 2602 1785 2662 nichmabs
1873 2604 2242 2664 Fanke,
2268 2602 2412 2662 und
2519 2599 2694 2659 rick
2832 2587 3252 2647 herzliche
3340 2568 3578 2628 Grulte
3672 2545 3803 2605 vin

722 2751 859 2811 Ootti
1007 2756 1122 2816 wine
1218 2757 1355 2817 in
1481 2751 1623 2811 ut

2363 2745 2481 2805 Ihr

2650 2828 2941 2888 FaluxS
