3978 5896
335 1563 3484 1819 könnten. An dem Ausflug an die Nordsee werd ich wol
339 1744 3499 1996 nicht teil nehmen. Ich will, wenn’s geht, in Bansin noch
346 1885 3515 2177 arbeiten. Die vierzehn Tage London – Stratford – Cambridge
346 2023 3491 2303 waren sehr schön. Die Seefahrt – hin nach Southampton,
346 2161 3440 2433 zurück von Plymouth über Cherbourg – wundervoll. Die
350 2307 3503 2570 englische Landschaft ist beinahe überall so schön wie
350 2519 937 2688 Dornbach.
378 2547 3369 2862 Schreiben Sie mir bis zum 14. nach Berlin. Von da ab
354 2771 2027 2995 Seebad Bansin, Seestraße 5.
1004 2917 3425 3243 Viele herzliche Grüße Ihnen, Frau Olga und
984 3157 1350 3303 Heini.
2181 3161 3003 3425 Ihr Salten
