6145 8170
2325 1011 4743 1366 Wien-Heiligenstadt, 16. ApriI 1907.
1261 1540 2656 1877 Lieber Herr Heimann
2610 1767 5150 2110 Sie bekommen meine Antwort erst heu¬
575 2011 5249 2337 te, weil ich in diesen Tagen viel Wichtiges zu tun hatte. Und weil
558 2238 5185 2563 ich Ihnen nicht unter dem ersten Eindruck ihres Briefes schreiben
558 2511 1104 2790 wollte.
1256 2639 5191 2976 Mir wurde kein Grund angegeben, weshalb Sie meinetwegen
552 2860 5173 3185 Ihr Herz ausschütten. Sondern Herr Jacobsohn schrieb: »Heimann hat
558 3075 4981 3412 mir den Groll ausgeschüttet, den er gegen und über Sie auf dem
552 3261 4679 3580 Herzen hat.« Das Wort »Groll« wiederholte ich dann einfach.
1261 3488 5045 3784 Herr Jacobsohn fügte hinzu: »Schreiben Sie ihm selbst,
564 3691 4894 4040 wenn Sie Wert darauf legen, der Sache auf den Grund zu gehen.«
1290 3900 4836 4232 Ich legte Wert darauf, und schrieb Ihnen. An meine
564 4063 5051 4429 Hauptmann-Kritiken dachte ich dabei gar nicht, denn die Wendung
575 4284 5115 4633 Jacobsohns »der Sache auf den Grund gehen« deutete mir nicht da¬
570 4493 5179 4865 rauf hin. Ich setzte auch voraus, dass Sie vor einem offenen, mit
558 4702 5057 5045 aller Behutsamkelt, und – wie Sie wissen mussten – ohne Leicht¬
581 4900 5167 5254 sinn ausgesprochenen Urtell einige Achtung haben. Ein Irrtum, der
564 5202 1959 5534 nun aufgeklärt ist.
1290 5307 5191 5685 Ich schrieb Ihnen, weil ich schon vor Monaten zu mehre¬
581 5539 5127 5859 ren Leuten (darunter auch zu Wassermann und Trebitsch) geäussert
575 5725 4981 6138 hatte, Ihr Benehnen gegen mich während meiner letzten Berliner
570 5952 4993 6307 Zeit und nachher sei mir merkwürdig versteckt erschienen. Also
581 6150 5068 6533 schon lange vor den »Jungfern vom Bischofsberg«. Das deutete ich
587 6353 5138 6754 Ihnen auch in meinem Briefe ziemlich lesbar an, und glaubte, Sie
599 6574 5051 6981 würden die Ihnen also gegebene Gelegenheit, aufrichtig zu sein,
610 6789 4795 7132 benutzen. Ein Irrtum, der jetzt gleichfalls aufgeklärt ist.
1308 6975 5016 7382 Ich antworte Ihnen ausführlich. Einfacher und kürzer
