3319 5991
1595 1638 2931 1712 Hietzing, Wattmanngaße 11
2095 1822 2723 1904 5. Septemb.
819 2482 2923 2560 Lieber Arthur, ich war die ganze Zeit,
443 2690 2911 2768 vom 4. August bis zum 28., fort. Theils
435 2890 2903 2988 in Ungarn, theils Reichenhall, und
383 3106 2867 3188 bekam nichts nachgesendet. Am 28ten
499 3326 2619 3408 aber war es auch für Ihre Genfer
491 3534 2995 3612 Adreße schon zu spät. Also entschuldigen
623 3738 2931 3836 Sie, dass ich nichts hören ließ, und erst
551 3966 2971 4036 heute für Ihre lieben Karten danke. Wenn
423 4174 2787 4260 Sie schon in Wien sind, senden Sie mir
355 4406 2587 4468 eine Zeile, wann wir uns sehen
347 4602 2267 4688 können. Herzlichst Ihr
2039 4806 2479 4872 Salten
