4136 7379
2174 1451 3742 1852 Wien, 10. Dezemb. 1898
739 2694 1691 2784 Lieber Freund,
1943 2830 3515 2916 während ich unwol war ist
619 3090 3527 3236 Dr Szeps nach Paris gereist, und ich erfahre
615 3326 3551 3532 jetzt, dass ein Betrag, welcher heute fällig war,
591 3610 3567 3832 nicht ausgezahlt werden kann, weil er nicht
591 3874 3395 4108 angewiesen wurde. Bitte, helfen Sie mir
555 4162 3511 4400 nochmals aus der Verlegenheit und senden
595 4450 3451 4660 Sie mir 10f. Ich werde Ihnen beide 10f.
603 4690 3691 4992 nächste Woche sicher zurückgeben. Ganz
607 4978 3667 5256 sicher. Ich brauche es wirklich (wegen meiner
579 5306 1951 5512 Leute) sehr notwendig.
2175 5458 3186 5540 Herzlichst Ihr
3123 5722 3439 5792 Salten
