3978 5896
2188 913 3237 1112 Berlin, 6. 7. 06.
415 1563 3524 1850 Lieber, wie Schade, dass Sie gerade jetzt durch Berlin kamen,
395 1754 3404 1985 während meiner Abwesenheit. Man hätte vielleicht doch
375 1913 3456 2153 eine Stunde gehabt, um sich auszusprechen. Schreiben ist
371 2073 3512 2312 in manchen Fällen so schwer. Was ich jetzt, in der nächsten
371 2212 3384 2527 Zeit, beginne, liegt noch im Halbdunkel, und was ich
375 2356 3496 2587 Ihnen davon mitteile, ist – einstweilen – nur für Sie. In
375 2535 3492 2806 Berlin will ich nicht bleiben; kann es ehrlicherweise gar¬
375 2667 3552 2966 nicht tun und spüre, dass ein Bruch in mein Leben käme,
355 2818 3488 3117 wollte ich versuchen mich zu zwingen. »Die Zeit« will mich
359 3002 3496 3253 wieder haben, und ich bin gerne geneigt, abzuschließen.
355 3149 3452 3432 Dabei bietet sich hier der Plan zu einer Wochenschrift, die
355 3289 3460 3588 ich mit Max Liebermann und Rich. Strauß zusammen
363 3464 3428 3731 herausgeben, und allein leiten soll. Ihr Bestand ist für
347 3588 3352 3887 drei Jahre garantirt. Honorarbudget, ohne meine
343 3739 3548 4094 Gage, nur für Mitarbeiter 1000 Mark pro Nummer.
359 3879 3524 4221 Sie soll das Blatt der »anständigen Leute« werden, der
383 4018 3496 4333 Besten, ganz einfach. Ein kleiner, exclusiver, ständiger
367 4174 3548 4469 Mitarbeiterkreis. Ich hätte ausser der Gage noch einen
375 4309 3440 4612 Besitzanteil. Jetzt überleg ich mir’s, ob ich die Sache
379 4457 3313 4780 nicht von Wien aus machen kann. Technisch
371 4604 3432 4907 gehts ganz gut. Die Schwierigkeiten, die sich freilich
367 4756 3321 5094 ergeben, würden reichlich durch manche Vorteile,
