3987 3872
3479 2158 3530 2218 213.
3532 2909 3544 2969 9s
3555 2909 3619 2969 s0auige

3276 1357 3418 1417 Hane

3058 1382 3077 1442 in
3090 1382 3144 1442 gnnen
3157 2925 3249 2985 16sWöung
3260 2925 3262 2985 wi

2872 1029 2895 1089 nun
2912 1029 2933 1089 soor
2950 1084 2965 2911 en
2976 2902 2989 2962 in
3002 2902 3056 2962 zinrig
3073 2902 3096 2962 non

2733 1059 2734 1119 e
2742 1059 2774 1119 Jnzesen
2783 1112 2802 2977 nen
2813 2972 2823 3032 in
2833 2972 2854 3032 zuaf
2862 2972 2880 3032 mein
2887 2972 2907 3032 guf
2916 2972 2917 3032 wo

2493 1040 2495 1100 mo
2551 1040 2571 1100 ihrn
2579 1040 2580 1100 5
2594 1105 2613 1165 3s.
2614 2918 2625 2978 itt
2640 2918 2676 2978 ninne
2691 2918 2708 2978 die
2722 2918 2736 2978 vor

2355 1033 2371 1093 ven
2382 1089 2430 2922 peengens
2441 2918 2454 2978 in
2466 2918 2488 2978 mpin
2501 2918 2502 2978 i
2520 2918 2549 2978 nuen

2153 1017 2172 1077 us
2182 1017 2206 1077 hrise
2218 1072 2235 2982 Zisr
2246 2979 2263 3039 jasz
2277 2979 2277 3039 z
2288 2979 2335 3039 mimmin
2346 2979 2363 3039 wun

1970 1029 1979 1089 nn
1998 1029 2044 1089 joline
2059 1084 2085 2894 an
2093 2888 2109 2948 es
2130 2888 2148 2948 böz
2158 2888 2197 2948 wüsgn

1770 1029 1781 1089 in
1795 1029 1826 1089 n
1840 1029 1870 1089 Coun
1882 2985 1945 3045 höziunng
1959 2985 1986 3045 wui

1652 1045 1662 1105 Eh
1676 1102 1691 3022 zusb
1700 1102 1726 3022 seun
1736 3018 1755 3078 vonn
1762 3018 1785 3078 einner
1799 3018 1812 3078 um
1819 3018 1834 3078 wig

1448 1017 1523 1077 ebschrnes
1536 2134 1546 2194 zunn
1558 2553 1568 2613 sin
1582 2553 1601 2613 jez
1616 2553 1633 2613 wis
1643 2553 1661 2613 im

1326 1973 1403 2927 Usölig
1430 2923 1511 2983 sunstiich

1132 1056 1135 1116 ja
1217 1109 1255 2353 such
1280 2348 1345 2408 rohi

976 1026 986 1086 Ih
1018 1026 1043 1086 ing
1061 1082 1138 2899 gbnlgn
1151 2895 1153 2955 I
1180 2895 1215 2955 zfrgo

849 1003 928 1063 unmmifg
944 3015 985 3075 irog
1001 3015 1028 3075 mun
1042 3015 1043 3075 7
1055 3015 1091 3075 rohin

695 1035 717 1095 um
727 1035 774 1095 inepe
787 1072 808 1132 gua
834 3006 860 3066 zun
871 3006 942 3066 binginzug

588 1045 590 1105 i
612 1045 633 1105 zue
648 2944 812 3004 gggnvrchglif

472 1015 506 1075 ee
518 1986 608 2046 frngfomh
625 3018 681 3078 gumich
695 3018 706 3078 ich

307 1038 330 1098 Bf
345 1038 358 1098 er
375 1038 426 1098 chaf
442 2849 474 2909 ppg
484 2849 515 2909 noch
531 2849 550 2909 fig
