3806 6659
2243 1314 3255 1392 Wien, am 5. Mai 97.
771 2302 3343 2440 Lieber Arthur, seit ein paar Tagen
547 2462 3195 2660 bin ich wieder in Wien. Ich war in
539 2630 3423 2852 Riva – sehr schön. Aber es hätte viel schöner
515 2754 3415 3024 sein können, wenn die Mitterwurzer nicht
531 2906 3411 3180 dabei gewesen wäre. Hier lebe ich in einer
531 3062 3407 3360 merkwürdigen Sorglosigkeit. Eigentlich be¬
515 3226 3291 3516 greife ich es selbst nicht, warum ich
499 3418 3415 3712 mich so völlig unbekümmert hintreiben
495 3574 3259 3884 laße. Manchmal sage ich mir, dass
503 3706 3331 4060 irgend eine günstige Wendung bevorsteht,
511 3862 3383 4216 dass ich sie in allen Geradem spüre und
507 4014 3347 4408 dass ich deshalb so frei bin. Dabei fällt
519 4166 3423 4580 mir immer ein, was Sie mir gelegentlich
527 4318 3403 4728 sagten: Dass man sich bei mir immer
511 4502 3351 4900 eines Glückfalles versieht. Für Ihren
531 4662 3303 5076 Brief danke ich Ihnen sehr. Es war
523 4870 3303 5272 ja nicht viel, aber etwas, und ich
515 5042 3411 5416 bin jetzt - Frl. M. ausgenommen - sehr
551 5226 3371 5588 einsam. Ich arbeite ordentlich dabei
