4075 3900
558 1134 3508 1301 Lieber, danke für Ihre C. C. und für Ihr frdl.
504 1265 3523 1459 Anerbieten. Wenn Sie Entsch sehen, dann bitte sagen
468 1382 3428 1599 Sie ihm, dass P. M. mein Stück gerne los wäre, dass ich
471 1483 3520 1716 es aber jedenfalls darauf ankommen laße, dass er den Contract
474 1624 3571 1850 bricht. Wenn Sie mir Kerr's Adreße angeben könnten, wäre
480 1746 3517 1966 ich Ihnen sehr dankbar. Wenn Sie Zeit haben, schreiben
471 1857 3514 2107 Sie mir ein paar Zeilen über den Ausgang vom Samstag
427 2099 2245 2256 Abend. Grüßen Sie Goldmann ec.
2448 2143 3272 2208 Herzlichst Ihr
3162 2367 3568 2471 Salten
