4934 6306
783 1392 3959 1675 Beziehungen aufrecht zu erhalten, wenn Du sein Wirken
785 1672 4059 1834 missbilligst, ist der Dichter. Es wird Dir umso weniger
1741 1776 3023 1923 dich gedrungen fühlst
797 1830 3901 2079 gelingen je öfter Du nicht nur die eine oder andere
809 2025 3963 2287 seiner Leistungen, sondern das Wesentliche seiner Pro¬
805 2250 4184 2441 duktion und überdies die ganze Richtung, der er als einer
1115 2385 1625 2526 bekanntesten
786 2398 4184 2642 der vornehmsten Vertreter angehört, als eine unfruchtbare
788 2608 4206 2855 verderbliche und im Niedergang befindliche abzulehnsten. Denn
788 2831 4069 3074 der Beruf des Dichters stellt ja nicht wie der so vie¬
763 3029 4198 3237 ler anderer Leute eine zufällige Lebensäusserung dar, die
787 3238 4035 3442 am Ende auch gegen eine andere vertauscht werden könn¬
804 3423 4064 3605 te, nein, sein Beruf ist – je ehrlicher er es mit seiner
773 3637 4063 3834 Kunst meint umsomehr – der tiefste Ausdruck seines We¬
3711 3759 4223 3886 Gesam̄t
788 3823 4019 4030 sens, ja seine Seele selbst. Und wer sich von dem Werk
808 4015 3907 4249 eines Dichters ohne Anteil abkehrt oder es gar ver¬
1586 4159 2034 4281 damit
2364 4140 3186 4289 seiner Person
788 4218 4237 4438 dammt, der hat ihm auch schon persönlich den Rücken gewen¬
789 4429 4160 4630 det. Und da ich nun einmal zu der Art von Dichtern gehö¬
791 4662 4239 4849 re, die in ihren Werken sich selbst zu geben suchen, jeden¬
799 4829 4157 4991 falls durchaus aus ihrer Persönlichkeit heraus schaffen
798 5063 4011 5237 und Du dem, was ich schaffe, wenigstens seit geraumer Zeit so gegenüberstehst, wie mir
777 5242 4084 5417 ja wissen, so ist es nur natürlich und konnte gar nicht
774 5414 4095 5622 anders kommen, als dass zwichen Dir und mir allmählich
