3855 3866
1928 1856 2162 1916 Hersn

2086 2110 2230 2170 Dr.
2249 2124 2488 2184 Arhur
2565 2136 2919 2196 Schnitzler

2540 2484 2663 2544 alt
2769 2505 3015 2565 Ausee

2451 2746 2881 2806 Tischendort

1608 994 1608 1054 I
1618 994 1639 1054 maahes
1645 994 1653 1054 ug
1658 1183 1665 1243 lin
1670 2322 1671 2382 si
1683 2892 1697 2952 mug
1703 2892 1715 2952 sans
1721 2892 1731 2952 sune
1737 2892 1745 2952 unf
1750 2892 1763 2952 nug
1770 2892 1788 2952 wut

1502 965 1512 1025 gen
1518 965 1529 1025 zus
1535 1022 1571 2837 immensb
1577 2830 1598 2890 sahog,
1599 2830 1623 2890 wamt
1632 2830 1639 2890 ir
1647 2830 1655 2890 zuss
1661 2830 1670 2890 wihr

1349 972 1361 1032 sar
1366 972 1385 1032 manlr
1391 972 1392 1032 si
1406 972 1422 1032 nen
1427 2632 1452 2692 hisenn
1460 2833 1486 2893 vonuns
1495 2833 1512 2893 ein
1518 2833 1529 2893 um
1533 2833 1537 2893 is

1254 939 1275 999 ges
1282 939 1283 999 e
1294 2602 1345 2662 enaezenzung
1351 2790 1363 2850 obis
1368 2790 1377 2850 jim
1388 2790 1408 2850 sonunm
1413 2790 1432 2850 (hnuns

1132 939 1136 999 des
1142 939 1149 999 zin
1156 939 1178 999 seons
1184 996 1197 2849 min
1209 2844 1233 2904 umnelng
1239 2844 1251 2904 zonn
1257 2844 1266 2904 hien
1273 2844 1281 2904 wans
1285 2844 1286 2904 Si
1292 2844 1303 2904 von

998 950 999 1010 no
1011 950 1025 1010 fanz
1035 950 1090 1010 sommemnensr
1096 2797 1108 2857 zan
1117 2797 1147 2857 senusb
1154 2797 1170 2857 hunnf
1176 2797 1190 2857 ost

862 943 902 1003 uscgusg
909 943 918 1003 inf
928 943 939 1003 soz
947 2837 979 2897 jiemb
985 2837 990 2897 es
995 2837 996 2897 i
1012 2837 1042 2897 zuneunge
1048 2837 1061 2897 nich

772 947 800 1007 eisafil
804 947 810 1007 jig
814 947 827 1007 nunz
833 2859 844 2919 mil
851 2859 867 2919 mann
871 2859 878 2919 il
884 2859 903 2919 munws
908 2859 930 2919 ineran

652 943 662 1003 abis
666 943 667 1003 na
680 943 689 1003 zim
704 1001 714 2851 no
726 2848 738 2908 Ian
748 2848 759 2908 frs
764 2848 773 2908 van
779 2848 803 2908 minmce
810 2848 819 2908 zus

510 947 513 1007 is
519 947 520 1007 mi
534 947 543 1007 sei
549 947 562 1007 sefuf
569 1003 592 2806 vonstlung
598 1003 599 2806 mi
618 2801 665 2861 wimmtig,
667 2801 681 2861 wae
687 2801 691 2861 isct

391 1373 531 1433 mine

409 2065 482 2125 il

357 2626 427 2686 noror
449 2626 499 2686 huef
