6892 6468
3603 1500 6340 1791 Ich bin seit Donnerstag voriger Woche hier oben; traf hier Frau
3603 1694 6409 1931 Kainz mit Frau Schlenther, mit der ich komischerweise sehr sym¬
3596 1852 6347 2053 pathisirte. (Nett hat sich Schlenther in der Preis-Angelegenheit be¬
3593 2003 6347 2208 nommen) Samstag kam Otti mit den Kindem, Sonntag
3585 2133 6470 2363 kamen Fischers, gestern u. heute ist der Kainz dagewesen, und
3575 2294 6186 2499 Herr Fred ist immer da. Ich arbeite ein bisschen und
3585 2427 6247 2647 spüre noch immer meine Darmzustände. – Hoffentlich
3575 2575 6344 2794 sehen wir uns hier oben oder in Wien. Ängstlich bin ich ja,
3564 2733 6455 2956 das gebe ich zu. Sie wiſsen doch, dass ich wegen meiner Kinder
3571 2866 6383 3104 beständig in einer halbtollen Furcht lebe. Aber ich denke,
3593 3028 6322 3226 wenn Sie Heini bei sich haben, ist wol nichts mehr
3593 3158 4136 3406 zu besorgen.
4395 3283 6247 3535 Also vieles Gute und Herzliche von uns zu
3625 3474 6099 3722 Ihnen. Otti u. ich lassen Frau Olga besonders grüßen.
5808 3675 5970 3859 Ihr
5865 3704 6171 3963 Salten
