3973 6211
61 710 3198 794 geschrieben: »gab endgiltige Gestalt, rückte den Typus ins Erhabene und
71 782 3287 911 entledigte sich...« Erlauben Sie, dass ich auf diesen Unterschied aufmerk¬
64 868 3280 1001 sam mache. Ich schrieb: »In diesem Werke nahm er Abschied von dem Vor¬
61 961 3246 1101 stadtmotiv«!!!! Damit glaubte ich, das Kastel, in das andere sie sperren
68 1054 2778 1204 möchten, zerschlagen zu haben und glaube es noch immer.
75 1088 3242 1327 Es bleiben noch die Worte: »niedliche und langwierige Gefährtin der Dichterjugend.«
82 1185 3201 1410 Nicht im Entferntesten fiele es mir ein, darin könne etwas Kränkendes für Sie
82 1254 3253 1496 liegen. Es ist in meiner Art, mich so weit als möglich in den anderen zu ver¬
85 1329 3301 1575 setzen, wenn ich schreibe, und da mag ich über das süße Mädel ein unge¬
85 1426 3273 1661 duldigeres Wort gesagt haben. Es thut mir leid. Sachlich war es nicht falsch,
95 1498 3266 1751 der anderen Frauengestalten dabei nicht zu gedenken. Diese spielen in Ihrem
106 1587 3259 1833 Schaffen bis zum Reigen und zur Beatrice keine so wichtige Rolle, dass
116 1670 3270 1912 man sie auf in einer geradlinigen und knappen Auseinandersetzung Ihres Entwick¬
106 1828 1684 2002 lungsganges hätte anbringen müßen.
116 1859 3283 2094 Es bliebe noch: Goldschmiedearbeit, Kleinkunst. Ich erkläre ausdrücklich, dass ich
126 1934 3290 2180 es bedaure, diese Worte angewendet zu haben, bedaure, weil sie eine von mir nicht
126 2003 3325 2266 geahnte und nicht beabsichtigte Wirkung auf Sie hervorbrachten. Trotzdem, ich kann
133 2079 3311 2352 sie verantworten. Der Absatz beginnt: »Schnitzler hatte noch andere Eigenschaften,
137 2165 3246 2445 ec.« »hatte«. Darin liegt einfach alles. Ich nenne Sie keinen Goldschmied, ich sage
130 2237 3283 2535 nicht, Sie sind ein Kleinkünstler. Ich beziehe diese beiden Worte wie aus dem F. her¬
140 2316 3249 2617 vorgeht, nur auf Ihre Anfänge, nur auf den Anatol, als auf das Werk, auf
144 2399 3201 2717 dem Ihr Ruhm wie auf einem Quader ruht. Diese Basis kann sich in späteren
133 2478 3308 2806 Zeiten durch Umwertung verschieben. Historisch wird man sie aber doch belaßen
150 2571 3112 2885 müßen. Und gleich nachdem die beiden ominösen Worte gesagt sind,
154 2653 3273 2971 kommt: »Dann aber fand er die Handgriffe zu einem stärkeren Material, zu
178 2743 3253 3071 einer höheren Plastik!« Heißt das, Sie zu einem Goldschmied stempeln?
175 2853 3263 3181 Dann kommt: »Umfassendere Kräfte werden in ihm frei, großzügiger
178 2983 2816 3302 und weniger zierlich.« Heisst das, Sie sind ein Kleinkünstler?
164 3118 3208 3436 Es bliebe noch: »Er darf nicht wiederkommen. So nicht!« Lieber, das habe ich
157 3193 3273 3515 Ihnen oft gesagt, das ist meine Überzeugung, und es ist meine Überzeugung,
161 3276 3201 3590 dass Sie »ein neuer Rausch« umfangen wird. Sie umschreiben das mit den
168 3365 3290 3673 bitteren Worten, »dass ich noch Besseres von Ihnen zu erwarten scheine«. Besseres
175 3434 3139 3762 wol auch, aber noch wichtiger ist: Anderes! Zu diesem Anderen rechne ich die
185 3506 3184 3859 »letzten Masken.« Rechne ich nicht die »Literatur« und nur halb die Frau mit
185 3578 3266 3941 dem Dolch, deren geniale Erfindung mich so sehr in meinem Glauben an Ihre
192 3657 3256 4017 Wandlung bestärkte, dass meine Abneigung gegen Schwarzkopf akut wurde, als
188 3740 3263 4103 er von einem »Tric« sprach. Ich zweifle nicht, dass dieser ehrliche Mann,
192 3819 3222 4192 wenn er die Gelegenheit gehabt hätte, auch geschrieben hätte, es sei »ein Tric«.
199 3905 3297 4271 Und ich zweifle nicht, dass Sie das geschriebene ebenso ruhig angenommen hätten
188 3998 3208 4354 wie Sie das gesprochene Strohwort hingenommen haben. Gegen mich aber regen
209 4094 3208 4433 sich bei Ihnen so heftige Stimmen des Misstrauens, weil ich auf einem
186 4793 3745 5278 höheren Niveau und mit größeren Maßstäben XXXX,
230 4431 1488 4598 die Linie Ihres Schaffens ziehe.
226 4349 3294 4691 Ich sinne vergebens darüber nach, wie es mir passiren konnte, von Ihnen
236 4445 3270 4791 so arg missverstanden zu werden. Und da ich mich zu der Annahme,
257 4521 3308 4887 dass Sie mir irgendwie gereizt und beeinflußt, oder mißtrauisch gegenüber
250 4607 3156 4959 stehen nicht entschließen kann, komme ich immer wieder zu
257 4675 3228 5045 dem Resultat; es muß an meinem Feuilleton irgendwie und irgendwo
