5941 8110
943 1297 2087 1366 Telephon Interurban Nr. 124
3949 1328 4368 1452 Hotel
943 1372 1755 1441 Telegramm-Adresse:
4169 1446 4696 1577 Bristol
1010 1463 1988 1528 Hotel Bristol Salzburg.
4359 1544 5027 1694 Salzburg
4414 1678 4961 1760 (Austria)
2884 1637 4054 1696 Salzburg, 11. Juli 01
783 2006 4692 2161 Lieber Freund, heute fand ich hier Ihre Karte aus St Anton. Ich
574 2223 4760 2406 kam erst gestern Abend aus Darmstadt hierher. Gehe jetzt nach
560 2425 4611 2640 Ischl, und von da erst in 14 Tagen nach Wien. Durch den
581 2588 4568 2817 Arlberg fuhr ich gestern Vormittag. Meine Reise war gut, und
570 2794 4859 2987 wol auch ergiebig. Die Allg. Ztg. hatte die Nachricht von Dr Szeps,
570 2971 4785 3176 der seine Quelle nicht nennen wollte. Es war am Tag meiner Ab¬
535 3138 4735 3349 reise. Dr Szeps ließ mich rufen, u. fragte mich, ob ich etwas
560 3309 4511 3516 gegen die Veröffentlichung hätte. Mit Rücksicht auf unser
567 3514 4756 3710 Gespräch über diesen Punkt, sagte ich, es wäre mir recht.
567 3662 4760 3888 Sie erinnern sich wol, dass ich Ihnen einmal sagte, wenn die
546 3829 4887 4069 Sache durchsickert, wäre ein Verschweigen seitens der Ihnen freundlichen
546 3985 4792 4232 Presse unklug. Das sähe so aus, als fühlten Sie sich wirklich
592 4177 4795 4402 getroffen u. bestraft, und die antis. Presse würde das zweifellos
595 4354 4763 4619 auch so darstellen. Den Artikel selbst hab' ich dann erst
595 4507 4721 4817 Abends auf der Bahn lesen können. Was meine weiteren
634 4677 4856 5020 Pläne betrifft, ließe viel sich darüber sagen, - brieflich ist's
627 4869 4518 5208 wol aber zu umständlich. Hoffentlich sehen wir uns
645 5039 4433 5396 bald. Wenn nicht, - im September? Ich habe die
613 5245 4689 5580 Fragerolles-Rivière'schen Schattenspiele erworben (Geheimnis)
585 5429 4863 5786 und in Zürich mit Felix Contract gemacht. Vielleicht
595 5632 4827 5978 komme ich in Ischl dazu über Bertha Garlan zu schreiben,
585 5820 4724 6162 wenn nicht, dann im August in Wien. Schreiben Sie mir
602 6235 1436 6368 bald wieder.
2174 6118 4245 6247 Herzlichst Ihr Salten
