4223 4459
2016 2195 2225 2255 Herich
2313 2194 2449 2254 Dr.
2465 2195 2777 2255 Arthur
2889 2189 3354 2249 Schnitzler

2994 2696 3219 2756 Wien

2454 3052 2743 3112 som.
2766 3048 3618 3108 Wrnmatebtfusse
3688 3038 3696 3098 z

569 1180 999 1240 Genatorin
1064 1180 1164 1240 aum
1234 1180 1639 1240 Hörngspart

755 1288 1480 1348 Liesden-Cschäite
1554 1268 1734 1328 8.H.
1746 1264 1808 1324 22

961 1403 1275 1463 eibialhele

498 1697 802 1757 Lieber,
818 1691 829 1751 wo
967 1681 1095 1741 sind
1156 1673 1227 1733 Sie
1349 1659 1460 1719 Wie
1520 1655 1670 1715 geht
1719 1655 1763 1715 es

484 1810 755 1870 Ihnen
890 1790 992 1850 Dil
1069 1777 1340 1837 Collige
1427 1759 1688 1819 bleiben

498 1918 610 1978 vir
687 1908 1002 1968 enander
1061 1902 1070 1962 eo
1160 1897 1394 1957 trn,
1403 1888 1494 1948 als
1556 1877 1619 1937 sie
1692 1859 1772 1919 der

511 2031 719 2091 Wegzu
825 2008 1028 2068 weit.
1044 2001 1151 2061 Wie
1220 1998 1263 2058 es
1306 1992 1433 2052 mir
1482 1985 1620 2045 geht
1700 1968 1833 2028 falls

481 2151 560 2211 Sie
634 2143 738 2203 das
792 2127 926 2187 noch
1000 2102 1499 2162 kmmeit.
1514 2085 1702 2145 sehen
1761 2082 1820 2142 Sie

473 2261 638 2321 mich
716 2254 826 2314 dem
886 2241 1047 2301 it,
1061 2231 1171 2291 von
1226 2220 1355 2280 dem
1415 2207 1479 2267 ict
1548 2198 1777 2258 Ihllein

495 2377 861 2437 Srnbe.
884 2363 968 2423 Ich
1052 2345 1244 2405 denke
1311 2333 1424 2393 iel
1503 2321 1599 2381 an
1677 2304 1756 2364 Sie

501 2493 706 2553 nicht
796 2467 1244 2527 blsshu!
1262 2440 1479 2500 Wenn
1564 2425 1630 2485 ich
1697 2408 1794 2468 wie

534 2597 627 2657 der
719 2595 781 2655 ein
843 2584 1002 2644 Wien
1053 2566 1239 2626 ben,
1254 2548 1471 2608 Konte
1527 2542 1594 2602 ich
1671 2535 1769 2595 bie

550 2702 779 2762 Ihnen
852 2690 925 2750 an
1025 2684 1109 2744 Sie
1193 2670 1299 2730 Zeit
1372 2659 1439 2719 ist
1495 2653 1506 2713 so
1607 2634 1757 2694 kunz

1185 2828 1463 2888 Herzliis
1515 2831 1613 2891 Ir

1241 3007 1421 3067 Felix
1479 2995 1715 3055 Salten
