4083 5803
231 270 3795 484 rechnete, mit Ihrer Zustimmung, die Beatrice als den Abschluß Ihrer
223 374 3927 624 Anatol-Epoche, fand, dass auch der vorher geschriebene »Grüne Kakadu«
247 506 3891 732 ein erstes Anzeichen für die neue Entwicklung sei, besprach mit Ihnen
243 614 3947 852 die Rückfälligkeit der »Gefährtin« und dass nach meinem Gefühl der »Para¬
243 842 1331 968 celsus« mißlungen sei.
243 858 3807 1080 Am 16. Dez. 1900 schrieb ich dann in der »Wr Allg. Ztg.« über die Beatrice: »Und
243 974 3947 1196 demnach kann auch der »Schl. d. B.« nach der eingangs erwähnten Formel decli¬
263 1086 3939 1296 nirt werden: »Schnitzler - Vorstadt - süßes Mädel«. Der ganze Ideenkreis, der Anatol
263 1202 3967 1400 und seine Mädchen, der die Christine der Liebelei, der alle die kleinen und großen
271 1318 3987 1512 Dialoge, Novellen und Stücke Schnitzlers erfüllt, erfüllt auch dieses Drama. Anatol,
259 1426 3951 1628 der ästhetisirende Liebhaber, bezaubert von der unbewußten Grazie eines Vorstadt¬
279 1530 3835 1740 mädels, melancholisch durch Eifersucht auf Vergangenheit und Gegenwart,
271 1642 4027 1868 nachdenklich über die Rätsel des Liebesverkehrs, und manchmal im Chambre
263 1770 3863 1988 Separée summarisch: »So ist das Leben«, - Filippo Loschi trägt seine Züge.«
279 1894 4015 2112 Und weiter: »Beatrice, das Vorstadtmädel, süß natürlich, sehr süß, hinreißend
275 2010 3831 2212 in ihrer inneren Naivetät, berauschend in ihrer stets bereiten Weiblichkeit,
275 2146 2383 2332 und sie geht den Weg des Vorstadtmädel...«
295 2214 3987 2440 Dieses Feuilleton haben Sie damals in einem sicherlich übertriebenen Lob »ein Meister¬
283 2322 3875 2540 werk« genannt. Immerhin, ich durfte glauben, dass Sie mir Recht geben, durfte
291 2414 3975 2640 es umso mehr, als ich ja nur geschrieben hatte, was ich so oft mündlich zu Ihnen
283 2654 895 2744 geäußert habe.
299 2602 3871 2848 Heute schreiben Sie mir, Sie müßten es »bei mir lesen, dass Ihnen erst mit der Beatrice
295 2726 3023 2952 eine einigermaßen neue Verklärung der alten Figur gelungen ist.«
271 2926 3815 3220 süßen Mädel gab er in der Beatrice endgültige Gestalt; rückte den von ihm ge¬
279 3162 1819 3332 schaffenen Typus ins Erhabene!!!«
279 3150 3935 3464 Sie werden im Ernst nicht behaupten können, das heiße auf Deutsch: »Damit
279 3282 3787 3572 ist Ihnen eine einigermaßen neue Verklärung gelungen!« Das heißt, was es
279 3378 3931 3684 sagt, »rückte den Typus ins Erhabene, gab endgültige Gestalt.« Ich bitte Sie
267 3506 3951 3812 den Unterschied zwischen dem, was Sie mir vorwerfen, was Sie aus meinen Zeilen
275 3646 3823 3912 herauslesen, und zwischen dem, was ich geschrieben habe, zu beachten.
279 3766 3815 4052 Das süße Mädel ist nun einmal ein Typus. Man bedient sich des Wortes in
275 3858 3955 4168 der Literatur, wie im Leben, zur kurzen Verständigung, um eine bestim̄te
291 3962 3879 4268 Gattung rasch zu bezeichnen. Es gibt garnicht viele Dichter, die einen Typus
291 4062 3951 4388 geschaffen, die eine neue Gestalt im Leben sichtbar gemacht und die Literatur
303 4162 3903 4492 mit ihr bereichert haben. Muß ich das hier wirklich anführen, um zu er¬
299 4266 3999 4584 klären, dass es keinen Vorwurf bedeutet, Ihnen vom süßen Mädel zu sprechen?
295 4370 3803 4704 Bahr hat geschrieben: Schnitzler ist ein Virtuos - auf einer Seite. Und Herzl
307 4470 3991 4804 und Goldmann schrieben, Schnitzler kann nichts als das süße Mädel. Nichts
311 4598 3979 4912 davon steht in meinem Feuilleton, wie nichts davon in meinem Urtheil über
299 4710 3779 5012 Sie zu finden ist, nicht im Geschriebenen und nicht im Mündlichen.
299 4818 3831 5132 Hätte ich geschrieben: Schnitzler kommt vom süßen Mädel nicht los,
311 4918 3987 5240 dann hätte ich mich der Einkastelung schuldig gemacht. Aber ich habe
