3908 6599
2279 1986 2887 2052 1. Juli 97
1019 2610 3475 2704 Lieber Arthur, eben kommt Ihre Londoner
1031 2794 3439 2880 Karte und ich freue mich herzlich, Sie so
1043 2958 3379 3036 bald wieder zu sehen. Ich bin, wenn Sie
1035 3134 3347 3200 mir Nachricht geben wollen, wo wir uns
1027 3302 3427 3376 treffen, jeden Tag bis 4 oder 5 zu Hause.
1039 3458 3447 3548 Für die Abschaffung des Pucher bin ich auch.
1019 3626 3475 3696 Ohnedies war ich in der letzten Zeit nur sehr
1023 3782 3443 3860 unregelmäßig dort und wenn wir eine
979 3950 3479 4028 frühe Stunde fürs Schlafengehen von Anfang
987 4106 3107 4196 gleich festhalten, ist's um so besser.
1499 4282 2379 4352 Also auf bald
2519 4418 2755 4476 Ihr
2703 4606 3135 4712 Salten
