4312 4757
835 1056 1001 1117 Die
743 1182 1085 1238 Zeit
523 1288 1364 1343 Wiener Tageszeitung
759 1361 1092 1427 Herausgeber:
675 1440 1185 1490 Prof. Dr. I. Singer
670 1503 1196 1553 Dr. Heinrich Kanner
544 1624 1332 1679 Feuilleton-Redaktion
2750 1084 3749 1269 Wien 11. IV. 05
2497 1219 3222 1383 I. Wipplingerstrasse 38
970 1712 3905 1982 Lieber, vielen Dank für den Beitrag zur Schiller-Num̄er.
552 1894 3939 2155 Den großen Wurstel wollen wir noch für die Osternummer bringen,
548 2037 3737 2311 und schlage ich Ihnen Frl. Berta Czegka als Zeichnerin vor,
548 2142 3914 2421 die ich für sehr begabt halte. Ich hatte sie schon in der ver¬
552 2299 3897 2573 gangenen Woche zu mir bitten wollen, konnte aber mit Nie¬
552 2455 3614 2661 mandem ordentlich sprechen, und war nur immer sehr
544 2564 3905 2822 flüchtig in der Redaction. Nun kommt sie wegen des großen
565 2699 3846 2994 Wurstel morgen gegen 2 – od. ½3 zu mir, und ich will sie bitten,
574 2859 3817 3142 am Donnerstag um 4h–5h. bei Ihnen zu sein. Sie arbeitet
574 2994 3872 3294 sehr flink; aber man muß ihr alles genau erklären. Wie
561 3146 3711 3441 Sie mir s. Z. schrieben, verlangen Sie 600 Kronen für
561 3328 3745 3585 den Abdruck; und wird das Honorar am 1. Mai an
557 3420 3838 3758 Sie gesendet. Selbstverständlich erhalten Sie von beiden
