3859 3840
2132 985 3053 1184 Kaltenleutgeben, 23. VIII. 09
485 1448 3422 1696 Lieber, morgen gehe ich nun nach Wien und Mittwoch Abend nach Innsbruck. Am 30. u.
470 1568 3414 1809 31. werde ich in Bregenz sein. Ich weiß nicht mehr, wer mir gesagt hat, Sie hätten die
474 1684 3354 1929 Absicht, nach Bregenz zu kommen. Ist das richtig? Ich wohne Hotel Europe. Am 1.
478 1790 3452 2034 Sept. will ich für 2 Tage nach Luzern. Träfe ich Sie am 4. od. 5. in Salzburg? Geben Sie mir
470 1884 3474 2128 vielleicht nach Bregenz Nachricht, falls Sie nicht selbst hinkommen, was mich natür¬
459 1993 3486 2237 lich sehr freuen würde. Von dieser Reise gehe ich nicht mehr hierher zurück. Otti übersiedelt
470 2079 3489 2327 heute in acht Tagen mit den Kindern nach Wien. Ab 6. bin ich da, und freue mich aufs
470 2173 3429 2418 Tennis, das wir dann gleich wieder aufnehmen wollen. Dass Heini’s Schwesterl
470 2267 3433 2489 so bald bevor steht, wuſste ich nicht. Aber – je eher, je besser! (Vorausgesetzt, u.s.w.) Wir
470 2342 3410 2598 senden Ihrer Frau viele herzliche Grüße und wünschen ihr von Herzen, dass alles sehr
444 2455 3410 2700 gut und sehr leicht sein möge! Grüßen Sie auch den lieben Heini von uns allen. Bald wird
451 2557 3429 2760 man Ihnen auch schreiben müſsen: »Grüße Sie Ihre Kinder!« Eigentlich kann mans
447 2643 3429 2873 ja schon heute. Also: Grüßen Sie Ihre Kinder. – Frau Olga hat Annerl einen
432 2730 3414 2985 entzückenden Brief geschrieben, der ihr großen Eindruck macht. Sie will sich selbst
