3614 5612
499 963 2913 1224 Lieber Freund, selbstverständlich werde ich die
505 1163 3171 1387 Publication des Interviews verhindern. Herr Hoffmann
509 1282 3235 1523 ist freilich sehr betrübt darüber und wird versuchen
529 1377 3208 1645 Ihnen das, was er geschrieben hat, vorzulegen. Wenn
519 1523 3212 1746 Sie mir aber nicht direct, oder durch H. Hoffmann
529 1631 3035 1886 mittheilen, dass Sie Ihren Entschluß geändert
536 1770 3089 2035 haben, dann bleibt’s bei Ihrem heutigen Brief.
532 1940 3205 2164 Es ist wol überflüßig, zu betonen, dass ich persön¬
519 2021 3086 2316 lich dabei garnicht in Frage komme, und
529 2157 3154 2452 dass Sie sich nicht etwa durch eine Rücksicht
529 2357 2689 2598 auf mich sollen bestimmen laßen!
1858 2462 3113 2720 Herzlichst Ihr Salten
