3811 5930
2156 981 2688 1208 Samstag.
419 1766 716 1998 Lieber,
764 1807 3309 2126 die Verhandlung Ludaßy am Montag entfällt, da der
433 1972 3342 2292 Advokat des Klägers meinen Vertreter bat, es möchte die Sache
448 2126 3404 2461 aussergerichtlich beigelegt werden, und Dr Harpner leider, ohne
448 2251 3250 2593 mich zu fragen, in eine einstweilige Vertagung gewilligt
463 2354 3375 2714 hat. Ich danke Ihnen jedenfalls herzlich, für Ihre Bereit¬
459 2648 1649 2865 willigkeit, auszusagen.
727 2641 3419 2971 Die Kinder sind krank. Paul hat eine starke Angina.
422 2802 3298 3162 Der Arzt fürchtete zuerst Scharlach. Vorsichtigerweise kann
455 2912 3246 3316 ich mich jetzt weder auf dem Tennisplatz noch sonst wo
455 3111 2501 3441 in die Nähe eines Kindesvaters wagen.
2303 3158 3199 3452 Aufrichtig Ihr
2787 3364 3423 3606 Felix Salten
