3583 5357
2096 962 2759 1124 Mittwoch
364 1073 3119 1325 Lieber Freund, vielen Dank für Ihren Brief, über den
349 1250 3158 1459 ich mich sehr gefreut habe. Es geht ja oft wunderlich
349 1354 3129 1567 mit diesen kleinen Arbeiten: diese letzte mußte ich,
360 1477 3227 1685 schläfrig, müd und eilig, in drei Stunden fertigmachen,
364 1574 3180 1786 und wenn wirklich was dran zu loben ist, dann war es
382 1693 3230 1901 eben doch wol der »Schmiß« (kann – falls das Wort zu minder
353 1790 3212 2006 erscheint, etwa durch »Elan« ersetzt werden). Nicht wenig bin
331 1919 3129 2136 ich über P. A. erschrocken. Habe gleich überall nach
353 2024 3169 2276 ihm gesucht, aber nichts gefunden. Wo denn? Dass
346 2125 3083 2362 ich manchmal in Satzmelodien falle, die mir lieb
357 2247 3227 2478 sind, weiß ich, und glaube, das hängt mit minder
360 2323 3230 2589 musikalischer Empfänglichkeit zusammen. Aber A.’s. Sätze
349 2474 3205 2694 waren mir nie angenehm, haben nichts in mir dauernd
353 2582 3234 2798 berührt, und ich könnte es mir also nicht erklären.
501 2701 3184 2928 Otti, Paul und ich wollen Samstag früh über Ostern
353 2827 3216 3039 auf den Kahlenberg. (Privat-Semmering) Wenn es Ihnen
346 2953 3238 3155 recht ist, kommen wir morgen Donnerstag oder übermor¬
353 3036 3176 3306 gen Freitag um ½7–7 zu Ihnen. Ich schlage vor, dass
375 3198 2301 3400 wir dann im Riedhof nachtmahlen.
1271 3288 3083 3515 Herzlichste Grüße an Olga u. Sie
2517 3432 2759 3630 Ihr
2715 3587 3162 3763 Salten
