4412 6792
3011 1420 3288 1480 Wien,
3304 1408 3444 1468 iX.
3452 1400 3566 1460 5.
3582 1396 3689 1456 1.

829 2260 1082 2320 Lieber

1221 2401 1229 2461 i
1359 2408 1778 2468 Eganzng
1872 2412 1951 2472 der
2016 2405 2471 2465 Enendung
2551 2396 2566 2456 zu
2688 2392 2804 2452 dem
2847 2380 3122 2440 Vortiag
3194 2372 3274 2432 des
3339 2372 3685 2432 Schweizet

743 2588 1439 2648 Reermmprales
1499 2576 1821 2636 Wettehen
1899 2576 2012 2636 am
2077 2572 2432 2632 Sanstag
2531 2560 2708 2620 habe
2800 2554 2872 2614 ich
2951 2548 2998 2608 es
3057 2532 3707 2592 übeinommen.

761 2718 843 2778 Sie
902 2733 1066 2793 auch
1155 2732 1170 2792 zu
1288 2720 1735 2780 dumRlenten
1802 2716 2025 2776 Frufier
2114 2709 2129 2769 zu
2249 2704 2524 2764 bitten,
2546 2699 2635 2759 dis
2702 2692 3000 2752 Santag
3082 2680 3275 2740 abd.
3290 2674 3349 2734 1/2
3395 2669 3402 2729 9
3521 2670 3617 2730 in

752 2872 899 2932 Hoteh
982 2872 1319 2932 Inkee
1396 2857 1485 2917 für
1561 2852 1733 2912 dern
1798 2852 2099 2912 Vettstim
2176 2848 2465 2908 segeben
2554 2836 2773 2896 mirt.
2791 2833 2838 2893 Es
2879 2827 2944 2887 ist
3021 2816 3293 2876 wirklif
3370 2804 3512 2864 nur
3589 2793 3695 2853 eisn

777 3012 1031 3072 kenns
1097 3004 1321 3064 Sruper
1386 2996 1392 3056 (
1434 2999 1587 3059 ihne
1658 2992 1978 3052 Toaste):
1995 2988 2125 3048 Ihre
2197 2984 2397 3044 Frol.
2409 2979 2652 3039 Zusage
2717 2968 2841 3028 bitte
2930 2962 2995 3022 ich
3084 2956 3250 3016 Sie,
3267 2952 3344 3012 an
3438 2940 3545 3000 den

736 3164 960 3224 Grefen
1033 3153 1203 3213 Adoff
1275 3144 1530 3204 Beibrag
1627 3136 1706 3196 in
1797 3130 2349 3190 Mnnsternum
2434 3120 2500 3180 des
2543 3120 2840 3180 aßeren
2913 3112 3155 3172 ichten
3229 3108 3241 3168 zu
3374 3100 3671 3160 wollekt.

719 3311 1073 3371 Hoftenklir
1124 3300 1454 3360 komen
1523 3293 1574 3353 Sie
1650 3288 1840 3348 sohol
1910 3284 1923 3344 zu
2036 3280 2157 3340 dem
2220 3272 2556 3332 Vortrag,
2569 3272 2651 3332 wie
2721 3268 2879 3328 zum
2949 3252 3246 3312 Soupr¬

2145 3451 2487 3511 Hirzeiche
2552 3444 2705 3504 Grüß
2853 3432 2983 3492 von
3035 3422 3212 3482 Wans
3277 3416 3289 3476 zu
3419 3408 3613 3468 daus

2864 3621 2961 3681 Ihr

2865 3776 3051 3836 Funz
3111 3764 3356 3824 Salten
