3414 4706
197 935 3151 1223 die sich dran knüpfen, aufgewogen. Ich könnte z. B. die
185 1136 3222 1384 Berliner u. Wiener Theater zusammen überschauen und
189 1305 3325 1530 besprechen. Würde bei allen wichtigen Aufführungen (an
185 1447 3250 1668 die Premiere bin ich ja nicht gebunden) in Berlin sein.
185 1597 3289 1826 Könnte deutsche und österreichische Kultur- und Gesell¬
177 1739 3313 1976 schaftskritik zusammen treiben, was dem Blatte ebenso
174 1893 3289 2141 wie meiner Stellung etwas ganz Besonderes gäbe. Und
162 2027 3242 2283 wenn – binnen kurzem – ein Thronwechsel in Österreich
181 2173 3313 2453 alles Interesse erregt, wär’s für eine solche Wochenschrift
193 2315 3222 2579 eine ganz einzige Conjunctur. Ganz abgesehen davon,
177 2477 3325 2733 dass ich, als in Wien lebend, nicht mehr unter der Fuchtel
177 2619 3265 2891 der politischen Polizei in Preussen, die ärger ist als man
170 2749 3254 3056 glaubt, und nicht mehr unter der Ausweisungsge¬
181 2946 1250 3155 fahr leben müßte.
185 3045 3297 3336 Glauben Sie, dass mein Wiedereintritt in die »Zeit« für mich
193 3202 3163 3470 gut wäre? Dass man mich dort braucht, sehe ich, und
189 3348 3167 3612 dass die »Zeit« jetzt ihre literarische Stimme eingebüßt hat,
181 3506 3246 3790 kann ich wol, ohne Ihrem Freund Bauer allzu unrecht
217 3680 1116 3896 zu thun, sagen.
237 3770 3088 4050 Von sonstigen Dingen: dass Herr Friedegg knapp vor der
209 3948 3380 4247 Verhandlung eine umfassende Ehrenerklärung abgegeben
217 4113 3332 4338 hat. Dass der Ludassy-Prozess vertagt ist. Dass mein
217 4240 3321 4504 Bruder leider weit davon entfernt ist, ein Millionär
