4067 3812
1982 1672 2213 1853 Herrn
2232 1891 3191 2073 Dr Arthur Schnitzler
2440 2299 3611 2545 Edlach b/ Reichenau
2564 2643 3105 2771 Nied. Öst.
1576 1088 1746 2900 Lieber, sehr erfreut, dass es dem Heini schon besser
1464 1071 1619 2769 geht. Auch Annerle ist wieder munter, und die
1386 1076 1517 2988 drohende Malaria gott sei dank nicht eingetroffen.
1262 1090 1398 2919 Uns geht’s hier ganz gut, die Leute stören nicht,
1178 1107 1309 2938 das Hotel ist angenehm; das Wetter allein von einer
1066 1109 1216 2802 kalten Freundlichkeit. Alles Gute Ihnen Dreien!
983 1918 1119 2957 Herzliche Grüße von uns zu Ihnen
925 2490 1018 2588 Ihr
835 2602 980 2793 Salten
758 1047 906 1739 Landro, 18. VII. 09.
