4006 4208
1172 1011 3473 1153 solchen Umweg macht. Was sagen Sie, in
447 1223 3157 1383 welch' verschämter Weise st-g mir Re¬
1181 1420 3485 1553 clame gemacht hat? Heuer scheint's
426 1587 3303 1786 im Sommer nur lauter Lieutenant
507 1769 3435 1992 Gustl's zu geben - (Teschen ec.) Neues
913 1996 2706 2150 gibts genug, aber es wär' zu
456 2160 2987 2419 weitläufig. Leben Sie herzlich
1154 2312 3464 2559 wol, hoffentlich auf baldi¬
525 2637 1936 2864 ges Wiedersehen. Ihr
2820 2896 3538 3082 Salten
447 2897 2575 3090 Ich schreibe eine Geschichte, die
426 3082 2993 3237 hoffentl. besser ist als die Prinzessin Anna.
