4071 7130
532 1387 3528 1525 Was die Vorlesung betrifft, bitte ich Sie sehr,
540 1535 3480 1709 sich für Freitag frei zu halten, oder,
536 1687 3336 1853 wenn dieser Tag nicht geht, es mir
552 1855 3593 2005 gleich zu schreiben. H. möchte, dass wir
540 2019 3456 2189 dann punct 5. beginnen, weil
512 2231 2484 2373 er um ½ 11 fort muß.
704 2415 3448 2613 Mit herzlichsten Grüßen von uns
556 2579 3232 2785 Beiden an Ihre Frau, den kl.
564 2835 1656 2949 Buben und Sie
2080 2875 2424 2941 Ihr
2668 2915 3328 3001 Salten
