3379 5817
272 1243 3108 1325 Welt -« »den Leuten zum Trotz« ec. und
232 1415 3192 1537 in diesem Stil, der die Liebe recht unan¬
232 1599 1372 1709 genehm macht.
244 1739 3172 1889 Das Wesentlich an der Sache: dass ich
220 1907 3148 2045 ihrem Vater wahrscheinlich kein Ver¬
212 2063 3188 2185 sprechen gegeben hätte, wenn ich
196 2207 3016 2353 Mirjam sehr lieb hätte. Ferner:
228 2383 3208 2537 dass ich aber, nun ich das Versprechen
268 2543 3136 2733 gab, keine Lust habe Geschichten zu
260 2687 3140 2901 machen. Bringen Sie ihr das
260 2871 3072 3085 bitte schonend bei. Dies mit dem
228 3039 3148 3257 Versprechen nämlich, und vor allem,
260 3227 3096 3429 dass sie nichts gewinnt, wenn sie
260 3395 3144 3645 gewaltsame Streiche macht, da
268 3599 2856 3837 mir solche von jeher zuwider
248 3755 3076 4041 waren. Aber bitte, seien Sie sehr
212 3947 3288 4233 schonend, weil sie mir mit Selbstmord
216 4159 2920 4449 droht, was auch eine hübsche
240 4371 2356 4673 Gewohnheit von ihr ist.
232 4535 3108 4805 Am 14. fahre ich auf 8 Tage nach
256 4715 3176 4925 Berlin. Im April voraussichtlich
264 4879 3088 5089 nach Bosnien und Dalmatien.
272 5079 3160 5269 Im Mai nach London auf 14 Tage.
