4107 3969
2831 1123 3172 1183 Berghof,
3178 1119 3283 1179 2.
3294 1117 3398 1177 I.
3410 1116 3492 1176 1.

682 1483 1024 1543 Verchrte,
1046 1487 1194 1547 eiebe
1239 1492 1365 1552 Frau
1446 1500 1638 1560 Olga,

1749 1592 2142 1652 vielenDnk
2227 1598 2544 1658 fürkhen
2598 1604 2807 1664 lieben
2869 1601 3016 1661 Brief
3062 1598 3186 1658 und
3240 1595 3333 1655 für
3379 1597 3627 1657 Artus
3681 1592 3912 1652 karten¬

656 1729 752 1789 Wir
809 1734 1002 1794 henben
1082 1744 1190 1804 einse
1247 1746 1474 1806 ziennlig
1553 1741 1877 1801 muuhnge
1940 1747 2025 1807 Znd
2105 1750 2229 1810 noch
2309 1753 2474 1813 nicht
2542 1759 2707 1819 ganz
2763 1759 2985 1819 linnder
3042 1759 3145 1819 us
3230 1754 3395 1814 Wollß
3463 1759 3582 1819 aus
3633 1759 3843 1819 Dresden

684 1881 783 1941 ind
864 1883 952 1943 don
1016 1898 1243 1958 Wiehen
1318 1907 1470 1967 lang
1539 1902 1615 1962 bei
1679 1902 1795 1962 uns
1853 1903 2086 1963 gewesen
2174 1902 2296 1962 und
2365 1899 2459 1959 mir
2523 1905 2709 1965 haben
2814 1905 2936 1965 unns
3006 1905 3128 1965 sehr
3204 1905 3331 1965 ut
3402 1901 3593 1961 demr
3652 1902 3890 1962 gefres,

684 2031 777 2091 Ver
816 2037 1067 2097 konmten
1131 2039 1245 2099 mut
1313 2042 1535 2102 derhalb
1608 2039 1618 2099 zu
1711 2045 1943 2105 Unem
2021 2048 2252 2108 sanzen
2311 2051 2582 2111 Behagen
2636 2048 2960 2108 kommen,
2970 2051 3083 2111 wech
3152 2054 3186 2114 es
3231 2054 3344 2114 fast
3408 2054 3821 2114 maufhörlif

652 2167 882 2227 gersgan
970 2167 1189 2227 hat,
1211 2168 1332 2228 und
1430 2168 1540 2228 weil
1622 2171 1726 2231 ole
1830 2174 1956 2234 mut
2033 2174 2192 2234 ihrer
2252 2177 2614 2237 Gimant
2701 2174 2866 2234 niht
2964 2180 3134 2240 ganz
3217 2180 3277 2240 in
3353 2168 3835 2228 Ordnungnar

659 2295 793 2355 hun
863 2296 928 2356 ist
1015 2296 1091 2356 ese
1184 2299 1272 2359 sint
1347 2305 1640 2365 Uentwf
1710 2311 1774 2371 in
1838 2314 2077 2374 Wien,
2100 2314 2177 2374 im
2247 2320 2714 2380 Sanatoriun
2807 2314 2965 2374 Wern
3093 2313 3227 2373 und
3280 2305 3390 2365 hat
3461 2303 3869 2363 adänners

691 2448 796 2508 larg
890 2451 1002 2511 eine
1079 2456 1278 2516 kenne
1348 2461 1695 2521 Bnärn
1789 2457 2365 2517 übenandn.
2377 2466 2435 2526 Es
2488 2466 2547 2526 ist
2611 2466 2788 2526 selles
2853 2469 2988 2529 sehr
3070 2472 3170 2532 gend
3246 2478 3658 2538 gegangen,
3675 2469 3687 2529 we

676 2608 928 2668 brindet
998 2615 1057 2675 in
1133 2618 1292 2678 nein
1368 2616 1485 2676 vil
1568 2615 1737 2675 biner
1825 2615 1960 2675 und
2043 2614 2096 2674 es
2148 2621 2207 2681 ist
2306 2624 2629 2684 mögenf,
2641 2621 2729 2681 dan
2811 2618 2875 2678 Sie
2946 2624 3368 2684 übemorgen
3439 2622 3533 2682 der
3580 2614 3902 2674 Domes.

647 2738 728 2798 lag
821 2750 985 2810 neon
1073 2756 1269 2816 inder
1357 2762 1498 2822 nit
1565 2762 1690 2822 ein
1761 2759 1985 2819 ind.
2002 2759 2084 2819 En
2160 2769 2564 2829 alleden-
2575 2777 2974 2837 angenchee
3051 2774 3116 2834 ist
3198 2771 3395 2831 wenas
3466 2768 3477 2828 ja
3608 2766 3711 2826 ie

625 2877 774 2937 widrr
852 2885 966 2945 für
1049 2889 1264 2949 bin,
1294 2893 1384 2953 din
1473 2896 1754 2956 allem,
1778 2896 1909 2956 mir
1993 2899 2137 2959 vom
2196 2907 2800 2967 Sübemödchen
2889 2902 3170 2962 beglicht
3278 2899 3349 2959 in
3433 2893 3618 2953 Win
3672 2898 3821 2958 sein

641 3021 906 3081 muß,
931 3021 1055 3081 nocf
1123 3027 1234 3087 fir
1340 3033 1575 3093 ung,
1593 3030 1661 3090 der
1730 3029 1847 3089 hier
1909 3036 2051 3096 mur
2132 3039 2354 3099 naten
2460 3046 2608 3106 und
2707 3042 2868 3102 unst
2961 3048 3146 3108 unnnu
3271 3036 3642 3096 nitzlehes
3704 3045 3821 3105 für

658 3182 724 3242 Sie
806 3179 950 3239 hin
1026 3182 1334 3242 henn.
1351 3168 1636 3228 Viliicht
1713 3168 1933 3228 haben
1999 3173 2103 3233 wir
2175 3173 2312 3233 hier
2395 3176 2537 3236 noch
2593 3176 2680 3236 ein
2746 3173 2933 3233 haon
3005 3178 3268 3238 Wochen
3329 3174 3549 3234 Zeit,
3560 3172 3691 3232 dass
3741 3173 3839 3233 ohn
