4915 7047
453 1639 4458 1873 Sie hätten ihm einen »begeisterten« Brief geschrieben. Ich bin wirklich nicht sehr für diesen Vorschlag,
453 1778 4418 2002 der nur aus der Seidenbranche kommt; glaube an Ihre »Begeisterung« natürlich nicht, und halte
478 1898 4403 2137 die ganze Sache für unwichtig. Auch die Dienstboten betrügen uns, und man denkt nicht daran,
453 1983 4413 2222 sie abzuschaffen. Es fragt sich immer nur, um wie viel die Agenten die Autoren übervorteilen. Und
463 2142 2291 2351 das ist im Ganzen nicht gar so erheblich.
468 2172 4418 2461 Heute schrieb mir Bahr, dass er Sonntag Abend auf zwei Tage herkommt. Das ist mir weitaus
458 2296 4438 2575 angenehmer. Sonst bin ich ziemlich allein; kann mir zu Harden kein Herz faßen seit jenem
468 2411 4413 2665 Artikel und hab ihn seither auch nicht gesehen noch gesucht. Heute – es ist überhaupt ein leb¬
468 2491 4393 2770 hafter Tag – telefonirte mir Ihre Schwägerin wegen einer Schiffskarte. Ich bat sie, dieser Tage
478 2650 2959 2889 zu uns zu kommen, damit wir alles genauer besprechen.
513 2730 4428 3034 Hier lege ich Ihnen das zweite Russenfeuilleton bei, und das über Kater Lampe. Herzliche Grüße von
508 2994 1489 3153 uns zu Ihnen. Ihr Salten
