6240 8354
4089 1027 5760 1451 Wien, 2. Septemb 1902.
1324 2767 5909 3041 Lieber - telefonisch konnte ich Sie nicht mehr erreichen, als heute Mittag
560 2991 5893 3341 Ihr Brief kam. Das Ganze ist selbstverständlich ein Irrthum. Dr Kanner acceptirte
536 3171 5785 3529 s.Z. Ihre Honorarforderung sofort u. willig und hat nur vergessen die Sum̄e
508 3347 5841 3709 dem Prof. Singer, der die Caße führt, bekannt zu geben. Dieser wieder dachte bei
496 3531 5773 3889 Absendung des Honorares nicht an ein besonderes Übereinkommen und
492 3695 5869 4085 hat auch nicht danach gefragt. In dem jetzt herrschenden Arbeits-Trubel hat
512 3855 5869 4246 ein derartiger Irrthum wol nichts Verletzendes an sich und darf wol als ent¬
488 4031 5885 4446 schuldbar gelten. Die fehlenden 120 Kronen gehen natürlich gleich an Sie
492 4196 5933 4618 ab. Ich hoffe, Sie nehmen diesen Zwischenfall nicht zum Anlaß, mich
488 4360 5937 4790 mit der Novelle sitzen zu laßen, und hoffe weiter, Sie haben das Mscpt,
500 4544 5905 4990 wie besprochen, auf Ihre Reise mitgenommen, denn es wäre mir doch
524 4724 5913 5170 äußerst unangenehm, wenn Sie, ohne weitere Aufklärung abzuwarten (die
512 4904 5769 5398 ja auch durch telef. Anruf sofort zu erhalten war) die Sache beiseite gelegt
516 5116 5725 5562 hätten. Mir ist der Vorfall doppelt unangenehm, weil er mit einem
508 5272 5825 5746 anderen fast auf die Stunde zusammentrifft, und ich jetzt mit dem von mir
520 5564 4245 5938 ausgeworbenen Mitarbeitern ziemlich beschämt dastehe.
3512 5768 4593 5866 Herzlichst Ihr
4653 5844 5257 5902 Salten.
