3232 5755
179 1806 2859 1960 nichts Neues zu sagen. Vielleicht finde ich
167 1910 2971 2100 eine Stellung - Ludaßy behauptet, er habe
151 2022 2971 2236 große Dinge vor, - vielleicht wird etwas mit
163 2114 2983 2360 einer Direction, vielleicht schreibe ich von den
175 2230 2927 2480 Stoffen, mit denen ich mich jetzt beschäftige
167 2366 3047 2628 einen zu Ende, - das letztere ist das wahrschein¬
159 2482 2951 2768 lichste. Das Bicycle und Frl. M. füllen
147 2582 2971 2908 meine übrige Zeit aus. Seit der Reise ist
151 2702 2987 3032 auch hier eine entscheidende Wendung ein¬
131 2802 2935 3164 getreten. Das macht mich auch besser und
127 2910 2807 3276 ruhiger und gibt meinem Leben wieder
135 3006 2895 3380 einen vollen Duft, denn ich habe lange
119 3146 2795 3508 Niemanden lieb gehabt. Sonst leb ich
147 3266 3031 3628 mit keinem Menschen und habe keinen,
135 3474 2155 3752 mit dem ich sprechen möchte.
243 3506 2963 3884 Bei den übrigen ist, glaub ich, alles beim
175 3666 3055 4032 Alten, oder doch nichts wesentliches geschehen.
183 3790 3071 4160 Hugo sehe ich selten, und wenn, dann reden
195 3890 3063 4272 wir vom Bicycle. Mein Verkehr mit Beer-Hof¬
187 4022 2947 4400 mann beschränkt sich auf Pokerspielen
179 4122 3031 4520 und mit Schwarzkopf kann ich garnicht
199 4250 3067 4644 sprechen. G. Hirschfeld sehe ich manchmal.
203 4370 2947 4764 Er will mir sein Stück vorlesen. Brahm ist
179 4502 2971 4904 hier, glaube ich, - ich habe ihn aber noch
187 4646 2799 5032 nicht gesehen. Sie kommen ja wol
259 4786 2907 5168 bald? Bis dahin höre ich doch noch
259 5018 1943 5296 öfter, wie es Ihnen geht.
1991 5062 2843 5152 Herzlich Ihr
2467 5286 2903 5360 Salten
