7320 6265
357 1592 3432 1909 vor. Im September schreibe ich den »Hund v. Florenz«. Er ist jetzt ganz
349 1828 3578 2055 fertig dazu und vielfach verändert. Könnte ich die Zeitung los sein,
353 1941 3509 2157 wäre ich froh und vermochte vielleicht einiges Gute zustande zu
349 2075 3574 2335 bringen. Mir wird die Zeitungschreiberei immer leerer und leerer.
361 2213 3537 2457 Bin ich wirklich im September mit dem »Hund« fertig, dann mache
345 2351 3493 2603 ich die Seereise. Der Gardasee genügt mir davor wirklich nicht.
337 2481 3472 2749 Im Übrigen wissen Sie ja, wie es mit meinen Plänen geht. Von
341 2603 3610 2904 zwanzig projektirten Reisen werden zwei verwirklicht. Am 1. Septbr.
353 2741 3594 3030 bin ich jedenfalls in Wien. Vorher zwei, drei, Tage Semmering oder
357 2883 3602 3188 Schneeberg. Auf Wiedersehen, und viele herzliche Grüße von
386 3042 2916 3310 uns zu Ihnen. Schreiben Sie mir bald wieder.
2567 3164 3054 3367 Aufrichtig
3058 3160 3253 3379 Ihr
3168 3257 3513 3570 Salten
447 3732 3253 3996 Hier das Feuill. aus dem »Morgen« das Sie wünschten. Die »engl. Reise«
426 3903 3399 4195 suche ich selbst schon seit Monaten vergebens. Sonst hätten Sie sie
439 4061 2067 4293 schon. Pötzl habe ich nicht zur Hand.
