3747 3274
343 1056 2933 1192 hafter ist. Wo befindet sich Beer-Hofmann jetzt?
340 1157 3438 1324 Otti ist in Ischl. Wahrscheinlich haben Sie sie schon
343 1256 3411 1452 gesehen. Sie hat noch kein Engagement, ist aber
343 1357 3321 1580 im Ganzen ruhiger. Ich bin die ganze Zeit schlecht
355 1477 3091 1706 aufgelegt, aber ich arbeite viel. »Die Grundlagen des
346 1587 3115 1840 Jahrhunderts« von Chamberlain ist ein sehr
346 1683 3211 1947 interessantes Buch. Ich gebe es Ihnen, wenn Sie
343 1790 3426 2052 zurückkommen. Ich schreibe augenblicklich darüber
355 1897 3032 2165 eine Anzahl von Entgegnungen, für »Die Welt«.
399 2029 3133 2285 Senden Sie mir bald wieder eine Zeile. - Die
387 2157 2730 2413 Zeitungen bringe ich Ihnen selbst mit.
2136 2318 2960 2410 Herzlichst Ihr
3044 2357 3360 2422 Salten
