3453 5806
1815 901 2722 1072 Heiligenstadt. 10. III. 07
623 1763 3028 1983 Lieber, danke schön für Ihr neues Buch. Es kam heute früh, ich hab es vormittag gleich
522 1937 2945 2117 gelesen und es hat wieder sehr auf mich gewirkt. Am meisten der Leisenbohg und
522 2047 2960 2206 der Thameyer. Dann noch »die Fremde«. Gegen das »neue Lied« hätte ich einiges zu
525 2135 2924 2316 sagen. Zunächst scheint mir das Anekdotische darin nicht ganz überwunden.
535 2221 2921 2386 Ein Roman, dessen Art aus dem Leisenbohg, der Fremden, und Thameyer sich
532 2319 2985 2493 zusammensetzte, der diese Farben und Schatten brächte, müßte etwas ganz
538 2407 2948 2597 Unvergleichliches sein. Hoffentlich sehen wir uns bald. Es ist noch manches
538 2545 1341 2701 über das Buch zu sagen.
1662 2548 2667 2722 Viele Grüße von uns zu Ihnen. Ihr
2636 2612 2991 2756 Felix Salten
