4181 6811
2765 1312 3636 1531 Wien 17.IX.03
1135 2414 3699 2572 Lieber, ich weiß nicht, ob Sie noch, oder wieder
915 2562 3711 2764 in Wien sind, und wundere mich natürlich, nichts
915 2690 3667 2900 von Ihnen zu hören. Otti ist noch immer nicht
935 2810 3591 3016 ganz wol und erholt sich nur langsam.
943 2922 3583 3132 Wenn Sie da sind, möchte ich Sie bald, in
903 3034 3739 3240 einer, die »Zeit« betreffd. Sache sprechen. Mit den
915 3178 3071 3360 schönsten Grüßen von uns Beiden an Olga
2487 3254 2931 3332 herzlich
2839 3358 2983 3420 Ihr
2987 3410 3323 3484 Salten
955 3754 3707 3992 Ich weiß auch Ihre neue Adreße nicht, & sende den
959 3950 2683 4124 Brief deshalb in die Franckgaße.
