4141 3954
2307 1885 2517 1945 Herrn
2578 1883 2688 1943 Dr.
2703 1891 2929 1951 Artur
2998 1892 3348 1952 Schnitzler

3055 2479 3225 2539 Sae

2590 2734 2810 2794 Oo.
2842 2745 3340 2805 Spvclelgaßbe

1775 983 1842 1043 vommpndmne
1850 1036 1865 2865 frr
1874 1036 1876 2865 wu
1901 2862 1916 2922 soib
1925 2862 1943 2922 mug
1964 2862 1982 2922 aund
1991 2862 2017 2922 lugun

1671 960 1693 1020 socgs
1701 960 1737 1020 wimichn
1745 2862 1746 2922 zi
1766 2862 1771 2922 in
1780 2862 1814 2922 manige
1819 2862 1826 2922 ers
1836 2862 1837 2922 ze

1565 954 1578 1014 eslio
1586 954 1586 1014 Fr
1602 954 1620 1014 ihese
1626 2810 1656 2870 mantshfas
1664 2810 1691 2870 zunnrg
1698 2810 1698 2870 a
1712 2810 1719 2870 ol
1725 2810 1727 2870 es

1454 948 1466 1008 reiz
1472 948 1478 1008 es
1484 948 1496 1008 unge
1502 948 1512 1008 solt
1519 2790 1520 2850 zu
1531 2790 1531 2850 se
1550 2790 1563 2850 senner
1570 2790 1582 2850 met
1587 2790 1597 2850 Frs

1335 940 1369 1000 munlis
1375 1345 1396 1405 gafs
1405 2239 1426 2299 mar
1437 2239 1449 2299 zin
1464 2239 1479 2299 woc

1225 1656 1248 1716 seliel
1258 2856 1308 2916 menleg,
1310 2856 1326 2916 Iig
1338 2856 1389 2916 Uantict

1085 1673 1124 1733 eingf
1141 2332 1153 2392 ih
1165 2332 1193 2392 may
1216 2332 1240 2392 vo.

1060 2581 1131 2641 sich

890 2813 1045 2873 oorane

820 977 859 1037 es.
862 1552 894 1612 I.
899 1552 924 1612 I.
929 1552 970 1612 wire
