4217 4073
516 1098 3750 1289 Lieber, da wir die Amme und das Kleine nicht so lange
531 1241 3777 1417 allein laßen wollen, kommen wir Sonntag nicht zum
531 1361 3792 1545 Essen, sondern um 3 od. ½ 4 zum Kaffee, wenn wir einen
537 1606 955 1665 kriegen.
528 1621 3502 1811 Hfthl. bittet mich am Dienstag vorzulesen, weil er
531 1752 3586 1948 Mittwoch abreist. Also Dienstag. Ich hoffe sehr,
564 1886 3660 2092 dass Sie nicht verhindert sind, denn ich möchte
579 2003 3693 2232 es jetzt nicht mehr verschieben. Sonst müßte die Sache
579 2164 3616 2378 bis November bleiben, weil H. dabei sein will, und
585 2313 3774 2510 ein so langer Aufschub wäre mir jetzt mehr als unan¬
597 2558 1066 2638 genehm.
591 2615 3174 2776 Also zunächst auf Sonntag. herzlichst
2998 2752 3230 2811 Ihr
3292 2830 3450 2880 S.
