<?xml version="1.0" encoding="UTF-8" standalone="yes"?>
<PcGts xmlns="http://schema.primaresearch.org/PAGE/gts/pagecontent/2013-07-15" xmlns:xsi="http://www.w3.org/2001/XMLSchema-instance" xsi:schemaLocation="http://schema.primaresearch.org/PAGE/gts/pagecontent/2013-07-15 http://schema.primaresearch.org/PAGE/gts/pagecontent/2013-07-15/pagecontent.xsd">
    <Metadata>
        <Creator>prov=READ-COOP:name=PyLaia@TranskribusPlatform:version=2.1.0:model_id=52788:lm=none:date=13_06_2023_09:05</Creator>
        <Created>2023-01-18T10:47:23.146+01:00</Created>
        <LastChange>2023-07-15T13:11:34.288+02:00</LastChange>
        <TranskribusMetadata docId="1297609" pageId="51644875" pageNr="49" tsid="129552603" status="IN_PROGRESS" userId="100952" imgUrl="https://files.transkribus.eu/Get?id=KHDGRGSPUCQKRZUOVSMXNSCY&amp;fileType=view" xmlUrl="https://files.transkribus.eu/Get?id=DRHRIBENKCGNCRIIXKYVWULK" imageId="42229310"/>
    </Metadata>
    <Page imageFilename="MS-SCHNITZLER-B-00089-B-00001-000-00030-R.tif" imageWidth="4095" imageHeight="3994">
        <ReadingOrder>
            <OrderedGroup id="ro_1698059082729" caption="Regions reading order">
                <RegionRefIndexed index="0" regionRef="tr_1"/>
            </OrderedGroup>
        </ReadingOrder>
        <TextRegion id="tr_1" custom="readingOrder {index:0;}">
            <Coords points="373,1188 3710,1188 3710,2523 373,2523"/>
            <TextLine id="tr_1_tl_1" custom="readingOrder {index:0;} dateline {offset:0; length:40;} date {offset:0; length:10;} work {offset:27; length:12;}">
                <Coords points="399,1300 602,1308 698,1254 876,1342 1163,1242 1238,1296 1765,1242 1886,1304 1990,1275 2447,1346 2471,1142 2285,1146 2189,1205 2089,1146 1728,1180 1562,1126 1375,1184 1005,1117 910,1163 752,1105 586,1176 395,1122"/>
                <Baseline points="420,1247 465,1250 510,1250 555,1250 599,1250 644,1247 689,1247 734,1241 779,1241 823,1241 868,1241 913,1238 958,1241 1002,1244 1047,1244 1092,1244 1137,1247 1182,1244 1226,1244 1271,1247 1316,1250 1361,1250 1405,1250 1450,1250 1495,1250 1540,1247 1585,1247 1629,1250 1674,1253 1719,1250 1764,1247 1808,1250 1853,1253 1898,1253 1943,1253 1988,1256 2032,1256 2077,1259 2122,1262 2167,1265 2211,1265 2256,1262 2301,1265 2346,1262 2391,1262 2435,1256 2480,1256"/>
                <TextEquiv>
                    <Unicode>Donnerstag Abds. nach dem »Einsamen Weg«</Unicode>
                </TextEquiv>
            </TextLine>
            <TextLine id="tr_1_tl_2" custom="readingOrder {index:1;}">
                <Coords points="366,1520 482,1479 590,1516 897,1479 1005,1520 1063,1479 1317,1470 1923,1541 2243,1500 2334,1545 2579,1483 2825,1545 3182,1491 3443,1595 3535,1537 3705,1541 3705,1421 3331,1333 3257,1371 3178,1325 3099,1371 2966,1342 2841,1400 2766,1354 2592,1379 2422,1333 2239,1421 2085,1354 1944,1416 1558,1329 1437,1400 1196,1350 1113,1379 980,1308 644,1358 449,1308 366,1358"/>
                <Baseline points="388,1462 432,1459 477,1459 522,1459 567,1459 611,1456 656,1456 701,1456 746,1459 791,1459 835,1462 880,1465 925,1465 970,1465 1014,1468 1059,1468 1104,1471 1149,1468 1194,1468 1238,1468 1283,1468 1328,1468 1373,1468 1417,1468 1462,1468 1507,1471 1552,1471 1597,1471 1641,1474 1686,1477 1731,1477 1776,1480 1820,1480 1865,1483 1910,1480 1955,1480 1999,1480 2044,1480 2089,1480 2134,1483 2179,1483 2223,1483 2268,1483 2313,1483 2358,1480 2402,1483 2447,1480 2492,1483 2537,1480 2582,1480 2626,1480 2671,1483 2716,1483 2761,1486 2805,1486 2850,1486 2895,1483 2940,1480 2985,1480 3029,1477 3074,1474 3119,1471 3164,1471 3208,1471 3253,1474 3298,1477 3343,1480 3388,1483 3432,1486 3477,1486 3522,1486 3567,1489 3611,1489 3656,1489 3701,1489 3710,1486"/>
                <TextEquiv>
                    <Unicode>Wir sind alle ziemlich kaput – aber auf eine edle Weise. (Es gibt kaum eine</Unicode>
                </TextEquiv>
            </TextLine>
            <TextLine id="tr_1_tl_3" custom="readingOrder {index:2;}">
                <Coords points="349,1691 594,1653 802,1703 885,1649 1209,1649 1354,1703 1425,1661 1682,1653 1828,1711 1936,1670 2251,1670 2343,1740 2447,1745 2538,1699 2833,1740 3095,1682 3419,1720 3626,1695 3622,1529 3460,1599 3410,1562 3344,1608 3140,1570 2928,1645 2733,1566 2430,1591 2156,1529 2006,1578 1944,1537 1616,1554 1549,1516 1068,1574 997,1512 893,1504 781,1512 681,1583 345,1558"/>
                <Baseline points="373,1638 417,1638 462,1638 507,1638 552,1638 597,1641 641,1641 686,1638 731,1638 776,1638 820,1638 865,1638 910,1641 955,1641 999,1641 1044,1641 1089,1641 1134,1641 1179,1641 1223,1644 1268,1647 1313,1644 1358,1644 1402,1644 1447,1644 1492,1647 1537,1650 1582,1650 1626,1650 1671,1650 1716,1650 1761,1650 1805,1650 1850,1653 1895,1656 1940,1659 1985,1659 2029,1659 2074,1659 2119,1659 2164,1659 2208,1659 2253,1659 2298,1662 2343,1662 2388,1662 2432,1665 2477,1668 2522,1671 2567,1674 2611,1677 2656,1680 2701,1680 2746,1683 2791,1686 2835,1686 2880,1686 2925,1683 2970,1680 3014,1680 3059,1677 3104,1674 3149,1677 3194,1677 3238,1677 3283,1677 3328,1677 3373,1677 3417,1677 3462,1680 3507,1680 3552,1680 3596,1683 3632,1686"/>
                <TextEquiv>
                    <Unicode>vornehmere Manier, den Leuten die Lebensfreude abzugewöhnen, als dieses schöne</Unicode>
                </TextEquiv>
            </TextLine>
            <TextLine id="tr_1_tl_4" custom="readingOrder {index:3;} closer {offset:7; length:47;} person {offset:38; length:4;} postscript {offset:55; length:4; continued:true;} person {offset:55; length:4;}">
                <Coords points="357,1836 424,1865 544,1819 719,1907 773,1873 856,1915 1188,1873 1429,1919 1691,1853 1998,1936 2147,1882 2206,1923 2359,1911 2405,1865 2563,1923 2646,1861 2924,1902 3078,1861 3244,1931 3394,1890 3389,1736 3281,1699 3203,1695 3090,1794 2596,1711 2363,1803 2010,1695 1819,1782 1720,1715 1529,1720 1429,1661 1350,1703 1117,1653 926,1732 764,1686 536,1720 474,1670 353,1691"/>
                <Baseline points="382,1826 426,1817 471,1814 516,1811 561,1811 605,1811 650,1811 695,1808 740,1808 785,1811 829,1814 874,1814 919,1814 964,1814 1008,1811 1053,1814 1098,1814 1143,1817 1188,1817 1232,1823 1277,1820 1322,1820 1367,1817 1411,1817 1456,1820 1501,1823 1546,1826 1591,1826 1635,1829 1680,1829 1725,1829 1770,1832 1814,1832 1859,1829 1904,1829 1949,1829 1994,1829 2038,1832 2083,1832 2128,1829 2173,1832 2217,1835 2262,1838 2307,1838 2352,1835 2396,1838 2441,1841 2486,1841 2531,1844 2576,1844 2620,1844 2665,1847 2710,1853 2755,1856 2799,1856 2844,1859 2889,1859 2934,1862 2979,1862 3023,1859 3068,1859 3113,1862 3158,1862 3202,1862 3247,1862 3292,1865 3337,1865 3382,1865 3402,1862"/>
                <TextEquiv>
                    <Unicode>Stück) Viele herzliche Grüße Ihnen u. Olga. Ihr Salten Otti</Unicode>
                </TextEquiv>
            </TextLine>
            <TextLine id="tr_1_tl_5" custom="readingOrder {index:4;} postscript {offset:0; length:53; continued:true;}">
                <Coords points="415,2089 532,2052 619,2089 777,2027 955,2069 1163,2035 1279,2085 1387,2035 1479,2089 1753,2052 1985,2135 2131,2048 2372,2160 2480,2093 2783,2048 2845,2102 3477,2064 3672,2131 3668,1919 3419,1969 3273,1961 3215,1907 2987,2006 2600,1931 2521,2002 2264,1902 2160,1961 1857,1898 1666,1994 1354,1886 1238,1898 1159,1969 1001,1977 557,1823 411,1877"/>
                <Baseline points="432,1958 477,1967 522,1976 567,1985 611,1991 656,1997 701,1999 746,2005 791,2008 835,2011 880,2011 925,2014 970,2014 1014,2011 1059,2011 1104,2014 1149,2017 1194,2020 1238,2023 1283,2026 1328,2029 1373,2029 1417,2029 1462,2032 1507,2035 1552,2038 1597,2041 1641,2041 1686,2044 1731,2044 1776,2044 1820,2044 1865,2047 1910,2047 1955,2047 1999,2047 2044,2047 2089,2047 2134,2047 2179,2047 2223,2050 2268,2050 2313,2053 2358,2056 2402,2056 2447,2053 2492,2050 2537,2050 2582,2050 2626,2053 2671,2047 2716,2047 2761,2044 2805,2044 2850,2047 2895,2050 2940,2053 2985,2056 3029,2056 3074,2050 3119,2047 3164,2050 3208,2053 3253,2056 3298,2059 3343,2065 3388,2068 3432,2065 3477,2068 3522,2074 3567,2077 3611,2080 3656,2080 3680,2086"/>
                <TextEquiv>
                    <Unicode>Trotz einer miserabeln Aufführung hat mir dieses Werk</Unicode>
                </TextEquiv>
            </TextLine>
            <TextLine id="tr_1_tl_6" custom="readingOrder {index:5;} postscript {offset:0; length:54; continued:true;} person {offset:31; length:6;}">
                <Coords points="461,2210 698,2214 764,2255 835,2222 918,2276 1483,2206 1649,2280 1848,2239 1927,2285 2015,2231 2301,2339 2604,2222 2870,2305 3049,2214 3531,2206 3531,2073 3477,2064 3352,2093 3190,2060 3045,2152 2966,2152 2791,2056 2642,2081 2542,2177 2413,2206 2247,2102 1956,2114 1865,2177 1587,2064 1342,2152 1254,2073 1113,2143 885,2044 752,2110 461,2073"/>
                <Baseline points="483,2128 528,2134 573,2146 617,2152 662,2161 707,2164 752,2170 797,2179 841,2182 886,2185 931,2191 976,2196 1020,2199 1065,2199 1110,2202 1155,2202 1199,2202 1244,2205 1289,2208 1334,2208 1379,2211 1423,2211 1468,2208 1513,2205 1558,2211 1602,2211 1647,2217 1692,2220 1737,2220 1782,2223 1826,2223 1871,2223 1916,2223 1961,2226 2005,2232 2050,2229 2095,2229 2140,2232 2185,2232 2229,2235 2274,2238 2319,2241 2364,2244 2408,2247 2453,2244 2498,2241 2543,2232 2576,2226 2591,2226 2596,2226 2641,2220 2686,2214 2731,2214 2776,2211 2820,2208 2865,2208 2910,2208 2955,2205 2999,2202 3044,2202 3089,2202 3134,2199 3179,2199 3223,2196 3268,2196 3313,2191 3358,2194 3402,2196 3447,2199 3492,2202 3537,2205"/>
                <TextEquiv>
                    <Unicode>wieder sehr gefallen. Herzlich OBrahm Es war doch sehr</Unicode>
                </TextEquiv>
            </TextLine>
            <TextLine id="tr_1_tl_7" custom="readingOrder {index:6;} postscript {offset:0; length:60; continued:true;} place {offset:52; length:8;}">
                <Coords points="432,2397 565,2363 764,2430 926,2368 1196,2355 1362,2430 1437,2384 1512,2438 1583,2384 1728,2376 1873,2442 2035,2376 2089,2413 2268,2393 2326,2438 2384,2380 2488,2426 2625,2368 2916,2409 3090,2368 3323,2397 3385,2359 3481,2422 3639,2422 3639,2243 3360,2206 3207,2276 3140,2239 2999,2293 2933,2251 2841,2305 2638,2247 2426,2268 2301,2334 2035,2231 1927,2280 1221,2247 1130,2293 984,2251 756,2293 640,2226 432,2235"/>
                <Baseline points="453,2367 468,2367 513,2361 558,2361 602,2361 647,2361 692,2361 737,2361 782,2358 826,2358 871,2364 916,2361 961,2361 1005,2361 1050,2358 1095,2358 1140,2355 1185,2352 1229,2355 1274,2355 1319,2358 1364,2361 1408,2364 1453,2364 1498,2364 1543,2367 1588,2367 1632,2367 1677,2367 1722,2364 1767,2364 1811,2364 1856,2364 1901,2364 1946,2367 1991,2364 2035,2364 2080,2367 2125,2370 2170,2373 2214,2376 2259,2379 2304,2379 2349,2376 2394,2376 2438,2376 2483,2376 2528,2373 2573,2370 2617,2367 2662,2367 2707,2370 2752,2370 2796,2373 2841,2373 2886,2373 2931,2373 2976,2373 3020,2373 3065,2367 3110,2367 3155,2367 3199,2361 3244,2355 3289,2355 3334,2352 3379,2352 3423,2352 3468,2352 3513,2355 3558,2358 3602,2358 3647,2361"/>
                <TextEquiv>
                    <Unicode>schön + alles Uebrige werde ich Ihnen den Sommer in Nordwijk</Unicode>
                </TextEquiv>
            </TextLine>
            <TextLine id="tr_1_tl_8" custom="readingOrder {index:7;} postscript {offset:0; length:63; continued:true;} person {offset:46; length:4;} person {offset:52; length:11;}">
                <Coords points="436,2534 498,2517 552,2571 735,2513 947,2571 1084,2525 1167,2567 1325,2509 1566,2579 1794,2505 1965,2559 2077,2505 2185,2559 2347,2501 2517,2546 2687,2501 2987,2538 3389,2488 3589,2521 3589,2426 3406,2368 3223,2413 3124,2363 2974,2430 2771,2384 2667,2447 2559,2376 2492,2426 2376,2384 2314,2430 2160,2388 2060,2434 1803,2372 1508,2438 1433,2376 1350,2426 1146,2355 1005,2409 930,2372 768,2471 436,2405"/>
                <Baseline points="459,2504 462,2501 507,2501 552,2498 597,2498 641,2498 686,2501 731,2501 776,2498 820,2492 865,2495 910,2498 955,2501 999,2501 1044,2501 1089,2504 1134,2504 1179,2507 1223,2507 1268,2507 1313,2507 1358,2510 1402,2513 1447,2513 1492,2513 1537,2513 1582,2513 1626,2510 1671,2507 1716,2504 1761,2504 1805,2504 1850,2507 1895,2507 1940,2507 1985,2507 2029,2504 2074,2501 2119,2501 2164,2501 2208,2501 2253,2501 2298,2501 2343,2501 2388,2498 2432,2498 2477,2498 2522,2498 2567,2498 2611,2498 2656,2498 2701,2498 2746,2501 2791,2501 2835,2501 2880,2501 2925,2501 2970,2501 3014,2501 3059,2501 3104,2501 3149,2498 3194,2498 3238,2495 3283,2492 3328,2489 3373,2489 3417,2486 3462,2489 3507,2489 3552,2492 3596,2489"/>
                <TextEquiv>
                    <Unicode>sagen. Herzlichste Grüße Ihnen + Ihrer lieben Frau. Clara Jonas</Unicode>
                </TextEquiv>
            </TextLine>
            <TextLine id="tr_3_tl_1" custom="readingOrder {index:8;} postscript {offset:0; length:60; continued:true;} person {offset:53; length:7;}">
                <Coords points="449,2696 648,2667 802,2708 860,2663 951,2704 1022,2650 1092,2712 1325,2650 1475,2717 1628,2692 1944,2750 2214,2642 2326,2687 2550,2650 2820,2687 3057,2642 3377,2692 3377,2550 3286,2571 3103,2513 2991,2567 2937,2530 2717,2563 2621,2517 2567,2555 2326,2530 2139,2579 1736,2530 1566,2584 1479,2546 1126,2567 1084,2525 906,2604 773,2546 586,2584 498,2517 449,2530"/>
                <Baseline points="471,2683 477,2680 522,2677 567,2671 611,2668 656,2659 701,2659 746,2653 791,2656 835,2653 880,2653 925,2650 970,2650 1014,2650 1059,2653 1104,2653 1149,2656 1194,2656 1238,2656 1283,2653 1328,2650 1373,2653 1417,2656 1462,2656 1507,2653 1552,2653 1597,2653 1641,2653 1686,2650 1731,2650 1776,2653 1820,2653 1865,2650 1910,2650 1955,2650 1999,2650 2044,2650 2089,2647 2134,2647 2179,2644 2223,2641 2268,2641 2313,2638 2358,2641 2402,2641 2447,2641 2492,2641 2537,2644 2582,2644 2626,2647 2671,2644 2716,2644 2761,2644 2805,2644 2850,2644 2895,2641 2940,2641 2985,2638 3029,2638 3074,2638 3119,2638 3164,2641 3208,2638 3253,2635 3298,2632 3343,2629 3388,2623"/>
                <TextEquiv>
                    <Unicode>Von Ihrem Werk tiefergriffen grüsst Sie herzlich Ihr Heilbut</Unicode>
                </TextEquiv>
            </TextLine>
            <TextLine id="tr_3_tl_2" custom="readingOrder {index:9;} postscript {offset:0; length:31; continued:true;}">
                <Coords points="503,2845 781,2816 876,2870 1113,2800 1317,2858 1836,2812 1936,2862 2118,2791 2177,2829 2334,2795 2538,2841 2779,2800 2908,2845 2991,2791 3057,2825 3381,2787 3464,2862 3572,2870 3576,2721 3348,2712 3257,2654 2949,2708 2712,2654 2471,2721 2293,2663 2168,2721 2085,2683 1944,2750 1624,2692 1466,2758 1213,2683 507,2692"/>
                <Baseline points="528,2796 543,2799 588,2805 632,2805 677,2805 722,2805 767,2802 811,2805 856,2805 901,2805 946,2805 991,2805 1035,2805 1080,2799 1125,2799 1170,2799 1214,2799 1259,2805 1304,2805 1349,2805 1394,2805 1438,2805 1483,2805 1528,2805 1573,2808 1617,2808 1662,2811 1707,2811 1752,2811 1797,2811 1841,2808 1886,2808 1931,2805 1976,2805 2020,2802 2065,2799 2110,2791 2155,2794 2199,2794 2244,2794 2289,2794 2334,2794 2379,2794 2423,2794 2468,2791 2513,2791 2558,2791 2602,2791 2647,2791 2692,2794 2737,2794 2782,2794 2826,2794 2871,2794 2916,2791 2961,2791 3005,2791 3050,2788 3095,2788 3140,2788 3185,2779 3229,2779 3274,2779 3319,2776 3364,2776 3408,2776 3453,2776 3498,2776 3543,2776 3642,2790"/>
                <TextEquiv>
                    <Unicode>Vielen Dank und herzlichen Gruß</Unicode>
                </TextEquiv>
            </TextLine>
            <TextLine id="line_1676977286037_14029" custom="readingOrder {index:10;} postscript {offset:0; length:34; continued:true;} person {offset:10; length:10;}">
                <Coords points="532,2941 1603,2924 1703,2991 1902,2920 1977,2995 2114,2920 2467,2924 2555,2966 3028,2916 3493,2933 3556,2978 3684,2949 3684,2862 3456,2866 3381,2800 3257,2837 3182,2787 3011,2862 2945,2820 2816,2879 2339,2804 2077,2862 1919,2808 1387,2862 1117,2795 881,2870 739,2874 652,2820 532,2845"/>
                <Baseline points="555,2904 599,2913 644,2916 689,2916 734,2913 779,2913 823,2916 868,2916 913,2916 958,2919 1002,2922 1047,2922 1092,2922 1137,2922 1182,2919 1226,2919 1271,2919 1316,2922 1361,2925 1405,2925 1450,2925 1495,2922 1540,2919 1585,2919 1629,2916 1674,2919 1719,2916 1764,2910 1808,2913 1853,2910 1898,2913 1943,2916 1988,2916 2032,2916 2077,2916 2122,2916 2167,2913 2211,2913 2256,2913 2301,2913 2346,2913 2391,2910 2435,2910 2480,2904 2510,2907 2617,2919 2662,2922 2707,2919 2752,2916 2796,2922 2841,2925 2886,2922 2931,2922 2976,2919 3020,2919 3065,2913 3110,2916 3155,2919 3199,2922 3244,2925 3289,2925 3334,2925 3379,2925 3423,2925 3468,2925 3513,2925 3558,2928 3602,2931 3647,2931 3692,2925"/>
                <TextEquiv>
                    <Unicode>von Ihrem S. Fischer. Der »Einſame</Unicode>
                </TextEquiv>
            </TextLine>
            <TextLine id="tr_3_tl_5" custom="readingOrder {index:11;} postscript {offset:0; length:51; continued:true;} supplied {offset:3; length:1;}">
                <Coords points="420,3053 594,3103 806,3041 939,3111 1126,3053 1221,3115 1479,3049 1612,3090 1865,3045 1944,3103 2019,3045 2064,3090 2152,3041 2268,3078 2447,3045 2563,3103 2638,3041 2750,3032 3032,3099 3601,3024 3601,2962 3547,2978 3485,2928 3215,2953 3099,2920 2999,2987 2808,2920 2584,2978 2471,2924 2181,2928 1973,2995 1894,2920 1736,2999 1566,2920 1500,2982 1342,2933 1142,2987 1034,2957 968,3003 868,2945 727,2999 420,2916"/>
                <Baseline points="441,3032 477,3035 522,3035 567,3035 611,3035 656,3035 701,3032 746,3035 791,3035 835,3035 880,3038 925,3044 970,3044 1014,3047 1059,3044 1104,3044 1149,3044 1194,3041 1238,3041 1283,3041 1328,3041 1373,3044 1417,3044 1462,3044 1507,3044 1552,3041 1597,3044 1641,3041 1686,3044 1731,3041 1776,3041 1820,3041 1865,3038 1910,3038 1955,3038 1999,3038 2044,3038 2089,3035 2134,3035 2179,3032 2223,3032 2268,3035 2313,3041 2358,3041 2402,3041 2447,3038 2492,3038 2537,3032 2582,3032 2626,3032 2671,3032 2716,3035 2761,3032 2805,3032 2850,3032 2895,3029 2940,3026 2985,3026 3029,3023 3074,3020 3119,3023 3164,3026 3208,3026 3253,3023 3298,3023 3343,3020 3388,3023 3432,3023 3477,3023 3522,3017 3567,3014 3611,3011"/>
                <TextEquiv>
                    <Unicode>Weg« hat eine herrliche Auferſtehung gefeiert u wir</Unicode>
                </TextEquiv>
            </TextLine>
            <TextLine id="tr_3_tl_6" custom="readingOrder {index:12;} postscript {offset:0; length:48; continued:true;} person {offset:34; length:14;}">
                <Coords points="349,3203 428,3240 627,3144 702,3194 876,3153 947,3219 1034,3161 1151,3194 1325,3153 1412,3186 1541,3153 1657,3211 1778,3153 1877,3223 1961,3165 2114,3240 2280,3157 2384,3219 2646,3144 2866,3153 2991,3207 3236,3124 3647,3161 3647,3049 3560,3020 3360,3070 3269,3041 3198,3095 2750,3036 2559,3103 2496,3045 2143,3049 2081,3099 2019,3053 1927,3107 1865,3041 1616,3086 1549,3049 1350,3061 1225,3119 1138,3057 939,3111 739,3041 586,3107 449,3061 349,3099"/>
                <Baseline points="373,3146 385,3146 429,3143 474,3143 519,3140 564,3137 608,3137 653,3137 698,3134 743,3137 788,3137 832,3137 877,3140 922,3143 967,3146 1011,3149 1056,3149 1101,3152 1146,3152 1191,3146 1235,3149 1280,3149 1325,3149 1370,3149 1414,3149 1459,3149 1504,3152 1549,3152 1594,3149 1638,3149 1683,3146 1728,3143 1773,3143 1817,3143 1862,3143 1907,3143 1952,3143 1997,3143 2041,3143 2086,3140 2131,3140 2176,3137 2220,3137 2265,3131 2310,3137 2355,3137 2399,3143 2444,3146 2489,3143 2534,3143 2579,3143 2623,3140 2668,3140 2713,3140 2758,3140 2802,3140 2847,3140 2892,3140 2937,3137 2982,3137 3026,3137 3071,3128 3116,3128 3161,3125 3205,3122 3250,3125 3295,3128 3340,3128 3385,3128 3429,3125 3474,3128 3519,3128 3564,3128 3608,3125 3653,3113"/>
                <TextEquiv>
                    <Unicode>denken Ihrer in Dankbarkeit. Ihre Hedwig Fischer</Unicode>
                </TextEquiv>
            </TextLine>
            <TextLine id="line_1676977291716_14036" custom="readingOrder {index:13;} postscript {offset:0; length:28; continued:true;} person {offset:17; length:10;}">
                <Coords points="498,3298 2488,3306 2488,3207 2210,3194 2135,3248 1956,3161 1890,3227 1823,3194 1682,3257 1375,3153 1159,3186 1043,3157 947,3215 852,3153 702,3194 619,3140 498,3153"/>
                <Baseline points="521,3292 566,3292 794,3292 838,3289 865,3289 919,3295 964,3298 1008,3295 1053,3295 1098,3295 1110,3296 2461,3302 2549,3296"/>
                <TextEquiv>
                    <Unicode>Herzlichen Gruss Lili Jonas.</Unicode>
                </TextEquiv>
            </TextLine>
            <TextEquiv>
                <Unicode>Donnerstag Abds. nach dem »Einsamen Weg«&#13;
Wir sind alle ziemlich kaput – aber auf eine edle Weise. (Es gibt kaum eine&#13;
vornehmere Manier, den Leuten die Lebensfreude abzugewöhnen, als dieses schöne&#13;
Stück) Viele herzliche Grüße Ihnen u. Olga. Ihr Salten Otti&#13;
Trotz einer miserabeln Aufführung hat mir dieses Werk&#13;
wieder sehr gefallen. Herzlich OBrahm Es war doch sehr&#13;
schön + alles Uebrige werde ich Ihnen den Sommer in Nordwijk&#13;
sagen. Herzlichste Grüße Ihnen + Ihrer lieben Frau. Clara Jonas&#13;
Von Ihrem Werk tiefergriffen grüsst Sie herzlich Ihr Heilbut&#13;
Vielen Dank und herzlichen Gruß&#13;
von Ihrem S. Fischer. Der »Einſame&#13;
Weg« hat eine herrliche Auferſtehung gefeiert u wir&#13;
denken Ihrer in Dankbarkeit. Ihre Hedwig Fischer&#13;
Herzlichen Gruss Lili Jonas.</Unicode>
            </TextEquiv>
        </TextRegion>
    </Page>
</PcGts>
