8714 6535
1216 1459 2135 1690 Feuilleton.
983 1719 2342 1870 Der Fall Hauptmann.
865 1810 2560 1990 Im Leſſing-Theater iſt das neue Stück von
792 1928 2564 2079 Gerhart Hauptmann durchgefallen. Aber nicht
778 2039 2555 2173 ſo einfach durchgefallen, wie ſonſt wohl andere
778 2135 2548 2262 Stücke, die eben keine Gnade und keinen Applaus
787 2210 2566 2348 finden. Sie haben es ausgelacht, verhöhnt, be¬
765 2306 2506 2437 brüllt und bejohlt; haben das Gewebe der
783 2402 2540 2517 Handlung, während es noch vor ihnen abrollte,
763 2499 2542 2606 mit ihren Wutausbrüchen in Fetzen geriſſen,
774 2573 2562 2713 haben mit ihrem Spott bei offener Bühne die
761 2673 2544 2811 Worte, die ſich hervorwagten, abgefangen, ſie
772 2762 2506 2869 verdreht und ihnen das Antlitz entſtellt oder
772 2855 2502 2982 ſie mit ihrem Schimpf kurzweg niedergeſchlagen.
765 2946 2502 3051 Man fragt ſich, wie das geſchehen konnte.
763 3038 2508 3142 Die tauſendköpfige Beſtie hat den Dichter, als
767 3124 2548 3236 er (»Vor Sonnenaufgang«), ein neuer Mann,
772 3224 2508 3338 vor ſie hintrat, giftig angefaucht. Vor vielen
774 3289 2499 3411 Jahren. Seither hielt er ſie gebändigt und ge¬
769 3393 2504 3505 zähmt, an manchem Abend. Und ſie fraß aus
774 3476 2508 3582 ſeiner Hand. Nun konnte ſie diesmal ſeinem
767 3558 2488 3660 Zwang entſpringen, ſeine Feſſeln ſo völlig ab¬
758 3645 2493 3763 werfen und ihm die Zähne fletſchen wie einſt?
767 3738 2528 3843 Iſt ihm da unverſehens ein Malheur paſſiert?
752 3838 2486 3940 Oder ... Philiſter über dir, Gerhart Haupt¬
747 3914 2335 4043 mann! ... iſt die Kraft von ihm gewichen?
852 4165 2486 4301 Jetzt liegt auch die Buchausgabe der »Jung¬
754 4278 2535 4383 fern vom Biſchofsberg« vor. Und lieſt man
754 4381 2535 4479 dies neue Werk von Gerhart Hauptmann, ruhig,
752 4463 2533 4585 unbeirrt, überlegſam und mit allem guten
758 4548 2540 4659 Willen, dann zeigt es ſich, daß dem Berliner
758 4645 2531 4737 Premierenvolk kein Meiſterwerk zum Opfer fiel.
758 4725 2502 4859 Kultiviertere, an alten, erlauchten Traditionen
772 4812 2540 4939 erzogene Theaterbeſucher hätten wahrſcheinlich
752 4919 2528 5072 gefühlt, daß ſie dem Dichter der »Weber«, des
2586 1421 4356 1546 »Hannele« und noch zwölf anderer großer
2580 1501 4359 1632 Kunſtwerke Reſpekt ſchulden, und hätten nicht
2586 1592 4367 1717 zum Hausſchlüſſel gegriffen. Aber alle hätten
2577 1690 4350 1823 dieſes Stück fallen laſſen. Nach genauer, wohl¬
2582 1777 4345 1901 wollender, pietätvoller Prüfung dieſes Luſt¬
2553 1859 4310 1995 ſpiels muß man ein Urteil beſtätigen, das ge¬
2557 1944 4325 2086 wiß allzu ſchreiend, allzu unhöflich im Ton,
2546 2041 4321 2175 allzu hitzig und turbulent abgegeben wurde. Das
2542 2128 4321 2282 aber gerecht iſt. Leider Gottes. Leer und banal
2557 2217 4319 2346 in ſeiner Handlung iſt dieſes Stück. Gequält
2580 2326 4356 2433 und mühſsam in ſeinen Geſtalten. Armſelig und
2528 2375 4307 2533 atemlos in ſeinem Dialog. Albern, leider Gottes,
2535 2482 4316 2633 albern, wo es ſpaßhaft ſein will. Und ohn¬
2553 2573 4321 2697 mächtig, wo es nach Humor ringt. Irgendein
2537 2682 4312 2784 ganz matter, ganz leiſer Schimmer von perſön¬
2577 2753 4352 2886 lich nahe erlebten Dingen, von perſönlich
2571 2866 4336 2973 nahe geſchauten Menschen haftet manchmal an
2571 2946 4339 3064 dieſen Figuren. Wer dem Kreis, aus dem dies
2571 3031 4341 3153 Stück geholt wurde, angehört, wer tiefer hinein¬
2540 3089 4307 3233 geſchaut hat, dem mag dieſer Schimmer heller,
2582 3200 4347 3327 vertrauter, aufklärender glänzen. Der mag viel¬
2582 3289 4347 3389 leicht auch erraten, was hier die dichteriſche Ab¬
2582 3371 4347 3482 ſicht geweſen. Herausgekommen, ſichtbar und
2571 3451 4339 3616 deutlich geworden iſt ſie nicht. Leider Gottes.
2640 3651 4341 3791 Und ſo erkennt man: die »Jungfern vom
2522 3760 4294 3869 Biſchofsberg«, das iſt keineswegs nur ein miß¬
2566 3858 4290 3972 lungenes Werk: das iſt eine Kriſis. (Hoffent¬
2560 3929 4327 4063 lich keine Katastrophe.) Mißlingen kann jedem
2553 4012 4332 4143 Künſtler einmal ein Werk. Was liegt daran?
2555 4109 4299 4230 Der Größte verfehlt manchmal den Kern eines
2562 4210 4301 4332 Stoffes, erwiſcht ihn nicht, verrent ſich und
2528 4294 4299 4432 ſcheitert mit irgendeinem beſonderen Wollen.
2528 4372 4299 4501 Aber er darf nicht unter ſeinem Niveau ſcheitern.
2524 4461 4294 4601 Gerhart Hauptmann iſt hier auf einmal weit
2533 4561 4294 4672 hinter ſich ſelbſt zurück, tief unter ſeinem Rang.
2524 4641 4285 4783 Wir ſahen ihn noch nie in ſolcher Niederung.
2555 4725 4323 4857 Beiſpielmäßig: es gibt einige sehr ſchwächliche
2531 4821 4294 4930 Stücke von Georg Hirſchfeld, die ſich aus¬
2551 4926 4319 5070 nehmen wie ein ſchwacher Abklatſch von Gerhart
4347 1437 6122 1581 Hauptmann. Dieſes Luſtſpiel von Hauptmann
4350 1534 6106 1650 aber nimmt ſich aus wie ein ſchwacher Abklatſch
4359 1626 6106 1748 von Georg Hirſchfeld. Das eben iſt ſo ver¬
4343 1699 6113 1823 wirrend. Er erſcheint hier als der Epigone
4336 1788 6104 1917 ſeiner eigenen Epigonen. Man hat den Ein¬
4387 1881 5946 2026 druck: jemand, der vom Seſſel gefallen iſt.
4463 2110 6140 2246 Man hat den Eindruck: ein Abſturz. Die
4383 2230 6138 2337 treueſten kritiſchen Anhänger verlaſſen Haupt¬
4350 2317 6093 2455 mann jetzt wie die vielberufenen Ratten das ſin¬
4379 2408 6126 2520 kende Schiff. Seine begeiſterten Schild- und
4383 2497 6138 2615 Schwertträger. Und ſeine alten Gegner lächeln
4374 2580 6140 2722 triumphierend. Jeder von ihnen fühlt ſich als
4372 2673 6062 2775 ein Prophet: »Ich hab’ es ja immer geſsagt.«
4345 2762 6100 2895 (Was natürlich ekelhaft iſt.) Jetzt ſtellen ſich die
4327 2846 6095 2984 Anklagen ein, die Vorwürfe und Ratſchläge. Auch
4332 2942 6098 3078 möchte man Erklärungen finden für dieſen merk¬
4332 3033 6093 3153 würdigen Fall. Ein müder Mann, heißt es, der
4363 3124 6133 3249 ausruhen ſollte. Sein Geiſt ſoll brachliegen eine
4339 3187 6095 3345 Weile, wie ein Acker, der allzuoft nacheinander
4341 3293 6098 3391 hat Ernten tragen müſſen. Natürlich, rufen
4341 3369 6095 3489 andere, es war zu viel; jedes Jahr ein Stück.
4332 3462 6089 3567 Das geht über ſeine Kraft. Dann wird der
4356 3549 6091 3658 Direktor Brahm hineinverwickelt. Hat denn der
4367 3634 6091 3765 nicht geſehen, wie ſchlecht das neue Werk iſt?
4334 3716 6086 3869 Wär’s nicht ſeine Pflicht geweſen, den Freund zu
4372 3809 6078 3936 warnen, ihm, wenn’s nicht anders ging, die
4359 3905 6126 4025 Bühne zu verſchließen? Zuletzt gegen Hauptmann
4321 3983 6080 4150 die Beſchuldigung menſchlicher und künſtleriſcher
4325 4069 4901 4227 Leichtfertigkeit.
4445 4272 6118 4421 Ich möchte, in Parantheſe, ein Wort für
4352 4343 6120 4508 Brahm einlegen. Denn ich glaube, daß ihm doch
4356 4492 6060 4605 ein wenig Unrecht geſchieht. Auch dann Unrecht,
4363 4570 6118 4697 wenn er, wie ſich’s von ſeinem Urteil erwarten
4359 4654 6115 4761 läßt, die »Jungern vom BIschofsberg« von An¬
4316 4752 6073 4874 fang an für ſchlecht gehalten hat. Durfte er denn
4354 4837 6120 4968 wirklich einem Stück von Gerhart Hauptmann
4310 4928 6069 5066 ſein Theater verweigern? Das ſchlagende Argu¬
6180 1454 7908 1574 ment des Premierenſkandals, mit dem jetzt alle
6191 1546 7905 1650 ſo bequem und ſo unwiderſprechlich hantieren,
6186 1621 7908 1735 ſtand ihm doch nicht im Angeſicht des Manu¬
6191 1726 7905 1826 ſkripts zu Gebote. Vielleicht verwarf Hauptmann
6166 1799 7888 1928 die Prophezeiung, hätte vielleicht Ratgeber ge¬
6171 1895 7903 1995 funden, die ein günſtigeres Horoſkop ſtellten.
6160 1992 7903 2088 War denn die Gefahr ausgeſchloſſen, daß Haupt¬
6162 2086 7897 2199 mann, den freundlicheren Weisſagern trauend
6131 2150 7908 2268 und dem Schwarzſeher, Brahm zürnend, zu
6131 2244 7897 2351 Reinhardt ging? Wenn dann das Stück auch bei
6166 2337 7899 2444 Reinhardt fiel, blieb noch immer das ärgerliche
6120 2426 7901 2533 Räſonnement: Ja, wenn Brahm gewollt
6131 2513 7888 2624 hätte ... im Leſſing-Theater, mit Baſſermann,
6133 2600 7901 2735 wäre nichts Schlimmes paſſiert. Ich glaube,
6160 2695 7892 2831 Brahm war gar nicht in der Lage, hier etwas zu
6160 2782 7894 2918 verhindern, hätte ſeinem Hauſe nur dieſen für
6162 2866 7901 2989 ihn wichtigſten Dichter verloren, was nicht zu
6162 2962 7897 3093 riskieren war. Ganz abgeſehen davon, daß
6166 3064 7885 3180 Hauptmann, geſtützt auf ſeine Erfolge, den An¬
6126 3133 7877 3258 ſpruch hat, mit jedem Stück einfach angenom¬
6166 3222 7888 3349 men und geſpielt zu werden. Und daß er ſchließ¬
6162 3307 7567 3449 lich nicht unter Brahms Kuratel ſteht.
6242 3594 7888 3734 Er iſt ganz allein verantwortlich; hat es auch
6153 3703 7879 3823 neulich ſelbſt geſagt, daß er »jederzeit bereit sei,
6151 3805 7885 3929 vor ſein Werk zu treten«. Leichtfertigkeit wird
6120 3876 7881 4003 man ihm nicht vorwerfen dürfen. Wer einmal
6162 3976 7885 4083 ſein Geſicht geſehen hat, denkt nicht an der¬
6146 4047 7892 4187 gleichen. Die Bilder, die von ihm verbreitet
6158 4147 7885 4267 ſind, geben von dieſem Geſicht nur wenig. Geben
6146 4245 7890 4350 nur einen falſchen Begriff davon. Keines gibt
6109 4330 7881 4461 den edlen Glanz, der auf dieſem Antlitz ruht,
6113 4401 7881 4548 keines dieſe leuchtende Unberührtheit ſeiner
6149 4508 7877 4643 Mienen. Kein Bild gibt dieſen Ausdruck von
6106 4592 7874 4732 knabenhafter, unendlicher Güte, der um ſeine
6109 4681 7879 4826 feinen Lippen schwebt. Kein Bild gibt auch die
6131 4790 7872 4903 tiefe Heiterkeit ſeiner ſtrahlenden blauen Augen.
6109 4874 7872 4997 Ich habe ihn nur hin und wieder einmal, ganz
6120 4955 7863 5095 flüchtig, geſehen, aber ich muß ſagen: ich glaube
