4326 7342
539 1918 3886 2088 »Moloch« trotzdem ich ihn das erste Mal refüsirt habe,
539 2058 3854 2272 besprechen. Hugo Ganz hätte ihn übel zugerichtet,
527 2206 3806 2448 und bat mich schließlich darum, weil er Herzl's
531 2338 3850 2612 Roman »Altneuland« übernommen hat. Ich habe
555 2490 3659 2752 aufmerksam gemacht, dass ich das Buch nicht
559 2638 3898 2908 loben kann, und da man daran keinen Anstoß
543 2782 3890 3096 nahm, habe ich weiter keine Ursache, mich meiner
571 2962 3794 3288 ganzen Meinung über W. zurückzuhalten. Bei
551 3106 3726 3456 alledem hat W. noch Glück. Erstens ist er aus
599 3266 3854 3612 Ganz' Händen entwischt, zweitens nützt ihm
531 3434 3806 3787 die Raserei Trebitsch's bei mir, der schon glaubt,
539 3582 3651 3947 der Tag der nächsten Woche, an welchem mein
539 3729 3882 4091 Moloch-F. erscheint, sei der Tag des Herrn Trebitsch.
571 3925 3874 4271 Gettke ist seit ca. 14 Tagen im Besitz Ihres Vertrages.
579 4097 3790 4495 Ich besuche ihn heute, und mache ihm von
571 4289 3690 4663 der inzwischen eingetretenen Änderung der Dinge
559 4465 3826 4819 Mittheilung. Das schiebt allerdings die Premiere
579 4777 2599 5011 im R.Th. ein wenig hinaus!
587 4945 3047 5251 Hoffentlich schreiben Sie mir bald!
2687 5217 3698 5307 Herzlichst Ihr
3355 5513 3834 5615 Salten
