4175 4269
3110 1198 3220 1258 I.
3233 1198 3349 1258 9.
3356 1204 3403 1264 19

3116 1336 3458 1396 Herohrt

775 1792 988 1852 Lieber

1127 1867 1472 1927 Herzlichen
1522 1870 1698 1930 Dank
1782 1865 1883 1925 für
1942 1858 2034 1918 Ihr
2085 1852 2538 1912 Telegranen
2605 1849 2706 1909 Fie
2765 1852 2891 1912 sehr
2949 1852 3009 1912 es
3059 1849 3176 1909 mir
3252 1837 3537 1897 nohltint
3605 1819 3730 1879 ud

751 2040 914 2100 mich
1013 2046 1258 2106 Freut,
1270 2046 1561 2106 brauche
1637 2040 1707 2100 ich
1794 2031 2156 2091 ergenllich
2249 2025 2483 2085 kanem
2558 2019 2564 2079 z
2722 2016 3025 2076 sagen,
3042 2013 3299 2073 möchte
3380 2011 3421 2071 es
3480 2003 3642 2063 abet

768 2219 900 2279 doch
987 2221 1279 2281 sagen,
1299 2222 1399 2282 um
1485 2222 1737 2282 Innen
1798 2213 2196 2273 anfrechtig
2283 2207 2296 2267 zi
2436 2198 2840 2258 danken.
2861 2187 3438 2247 Besondasauch
3532 2167 3697 2227 dafich

764 2384 892 2444 dass
971 2393 1172 2453 meie
1251 2389 1769 2449 Senergutng,
1793 2374 2025 2434 mene
2092 2354 2494 2414 Verchinng
2579 2350 2731 2410 und
2816 2348 3066 2408 meine
3145 2334 3668 2394 Freundschaft

743 2525 822 2585 far
895 2529 969 2589 Sie
1066 2533 1079 2593 i
1256 2532 1445 2592 Laufe
1550 2525 1629 2585 des
1702 2521 1934 2581 Leben
2020 2515 2160 2575 ud
2252 2509 2484 2569 ummn
2613 2506 2893 2566 fertet,
2924 2491 3394 2551 überzengter
3474 2470 3626 2530 mir

747 2688 1035 2748 ainget
1117 2684 1369 2744 winden
1446 2670 1869 2730 Knnten,
1886 2664 2010 2724 und
2115 2661 2257 2721 dass
2344 2658 2550 2718 auch
2661 2652 2750 2712 Sie
2855 2645 3020 2705 mir
3114 2631 3278 2691 Ihre
3395 2624 3578 2684 Siite

707 2852 1187 2912 Dimung
1285 2849 1297 2909 s
1394 2840 1716 2900 bewahrt
1801 2834 2173 2894 haben.
2191 2833 2300 2893 Des
2379 2826 2580 2886 bleitt
2677 2819 2690 2879 nu
2951 2799 3116 2859 s8.
3134 2790 3372 2850 derke
3450 2790 3633 2850 ich,
3651 2793 3827 2853 ohne

771 3019 853 3079 der
916 3023 1113 3083 Worte
1189 3022 1202 3082 zu
1340 3008 1790 3068 bedürfen.
1809 3005 1898 3065 Die
1974 3002 2227 3062 haben
2309 2992 2632 3052 Recht,
2645 2976 2885 3036 laßen
2973 2962 3049 3022 Sie
3126 2949 3296 3009 uns
3404 2942 3480 3002 die
3549 2935 3733 2995 Stuck

716 3197 919 3257 Werzes
1020 3202 1182 3262 noch
1295 3199 1438 3259 oftier
1528 3190 1677 3250 und
1766 3176 2005 3236 nähur
2082 3151 2625 3211 beisommen
2721 3134 3127 3194 bleiben.
3145 3121 3252 3181 An
3318 3112 3455 3172 sint
3562 3100 3789 3160 voll¬
