4131 4099
1934 1244 3713 1321 Salzburg, Bahnhof, 22. Juli 01.
3214 1325 3755 1436 ½ 2 Nachts
576 1492 3704 1599 Lieber Freund, ich komme soeben von München herüber,
579 1617 3681 1751 warte hier auf den Zug nach Zürich. Hätte ich Ihre Adreße
600 1761 3588 1894 hier gewußt, ich hätte Ihnen gerne geschrieben, dass
576 1877 3609 2050 Sie auf die Bahn kommen, denn ich bin seit 12 Uhr
570 2014 3675 2187 Nachts hier. Heute früh erhielt ich in München Ihren
573 2131 3495 2321 Brief, der mir - wie alles - nachgesandt wurde.
600 2262 3627 2444 Meine nächste Adreße ist Paris, Hotel Castiglione. Ich
570 2373 3630 2584 freue mich, dass Sie arbeiten. Ich arbeite hoffentlich
576 2486 3713 2691 auf der Reise meinen Professor, wozu ich viel Lust habe.
579 2600 3678 2817 Wissen Sie, wo Beer-Hofmann ist? Ich möchte ihm drängen,
553 2633 3402 2815 den Text zu Van-Jungs Pfeifertrio fertig zu stellen.
546 2835 3639 3053 Leben Sie wol und laßen sich's gut gehen, und grüßen
591 3053 2471 3145 von mir. Herzlichst Ihr Salten.
