3784 6611
2167 1238 3443 1348 Karlsbad, 8./VIII. 00.
671 2046 3335 2120 Lieber Arthur, ich bitte, eingeschloßenen
575 2322 3283 2428 Brief an Osc. Mayer gütigst befördern zu
563 2590 3443 2708 wollen, dessen Adreße mir leider nicht bekannt
571 2810 3391 2948 ist, und der ja wol noch in Ischl oder mit
555 3042 3475 3236 Ihnen in Salzburg sich befindet. Es handelt
555 3306 3315 3476 sich um eine mir ganz unerfindliche
611 3574 3099 3744 Geschichte, die ich gerne so oder so
611 3878 1971 4020 aufgeklärt sähe.
1255 4018 2843 4224 Vielen Dank und
699 4294 2927 4588 herzlichste Grüße. Ich bin
635 4550 3395 4852 vermuthlich Sonntag oder Montag
611 4994 1343 5104 in Ischl.
2415 5078 3011 5140 Ihr Salten
