4934 6306
775 1420 4072 1678 damit sind die Grenzen Deines Einflusses aufs Weiteste
775 1633 3947 1854 umrissen. Unbeirrt geht die deutsche Literatur ihren
777 1834 3994 2059 Weg, die Dichter schreiben nach wie vor was sie wollen
771 2024 4107 2287 und nicht was Dir manchmal beliebt ihnen vorzuschlagen.
761 2223 4157 2482 An den Urteilen selbständig denkender Leute hast Du nie¬
787 2429 4021 2691 mals das Geringste zu ändern vermocht; – wenn Du also
800 2624 4047 2893 auch ein oder das andere Mal im Einzelnen das Richtige
796 2820 4203 3076 zu treffen, öfter noch irrtümliche und voreingenommene An¬
804 3037 3972 3242 sichten mit Witz und Geschicklichkeit zur Geltung zu
811 3223 3953 3447 bringen imstande warst – Dein Gesamtwirken hat bisher
810 3418 4101 3688 niemanden dauernd geschadet als Dir selbst, dessen Bild
812 3657 4418 3831 schon heute eines Ehrenplatzes in der Galerie jener berühm¬
812 3807 4283 4042 ten Missversteher gewiss ist, die zu jeder Zeit die Schaf¬
798 4005 4002 4285 fensfreude gerade der Besten mit ihrem unerfreulichen
3171 3980 4385 4164 respekt- u ahnungs¬
1019 4206 2028 4436 losen Geschwätz
849 4322 4031 4424 Spott und Warnungsrufen begleitet haben. Schade. Denn
814 4432 4047 4634 einmal sah es aus, wie wenn Du im Geistesleben unserer
2888 4604 3151 4716 dazu
813 4594 4099 4824 Zeit zu anderem berufen wärest, als der Kunst mit jener
821 4812 4202 5040 Fremdheit, ja mit jenem halb unbewussten Groll gegenüber¬
827 4995 4269 5244 zustehen, zu dem der unproduktive Mensch (nicht der Kriti¬
841 5233 4142 5461 ker sage ich, denn es gibt auch produktive Kritik) dem
829 5423 4099 5676 produktiven Menschen gegenüber nun einmal verdammt zu
