3232 5420
684 1607 3120 1673 Bei der großen Schätzung, auf welcher mein Verkehr
688 1755 3008 1825 mit ihnen beruhte, war ich zunächst darauf
664 1915 3000 1989 hingewiesen, die Schuld an dieser Wandlung in
668 2075 3176 2153 mir allein zu suchen. Das hat mir manche, sehr
664 2219 3056 2301 verzagte Stunde verursacht. Jetzt bin ich mir
640 2391 3072 2461 über die inneren und äußeren Gründe, über
612 2539 3136 2617 die Art, in welcher diese Gründe mit dem Leben
2120 2623 2556 2689 beteiligten
656 2719 3136 2805 im Allgemeinen und mit den Personen im Beson¬
676 2887 3100 2953 deren zusammenhängen vollständig klar, und
672 3055 3060 3117 deshalb spreche ich es - wie um der Ordnung
684 3195 3004 3273 willen - aus. Ich thue es übrigens auch, weil ich
676 3367 3156 3445 nicht weiß, ob nicht in ähnlicher oder anderer
676 3535 3164 3621 Weise diese Angelegenheit mit Ihnen besprochen
684 3707 3064 3785 wurde, und weil ich in Ihnen gewiss nicht
676 3879 3084 3949 das Gefühl erhalten wissen möchte, als hätten
692 4039 2944 4125 Sie mir etwas schonend zu verschweigen.
700 4183 3024 4273 Schließlich bitte ich Sie, zu glauben, dass ich
676 4331 3084 4445 durchaus keine gegentheiligen Versicherungen,
688 4495 3032 4609 auch keine Confidencen provoziren wollte.
700 4643 2788 4741 Nicht wahr, das glauben Sie mir?
