4934 6426
1543 1529 4261 1735 was einem Gedanken auch nur von fern ähnlich
1573 1742 4124 1995 sieht. Und dass man überall in Deutschland
1575 1975 3936 2121 Ideen finden kann nur nicht im modernen
1578 2106 4243 2337 deutschen Drama. Sehr möglich, dass Du recht
1584 2301 4253 2508 hast. Jedenfalls steht für mich die Sache so,
1590 2473 4359 2727 dass ich nicht umhin kann mich mit den Dingen,
1590 2713 4118 2910 die ich schreibe zu identifizieren. Es ist
1606 2860 4209 3072 mir selbstverständlich bis heute noch nicht
1596 3040 4222 3300 gelungen mich und meine Welt völlig zum Aus¬
1742 3244 4465 3490 druck zu bringen, aber die Arbeit der letzten
3705 3201 3842 3315 en
1614 3401 4348 3642 Zeit enthalten so viel von mir, dass, der der
1643 3630 4302 3833 sie ablehnt von mir als Ganzes sich abwenden
1625 3801 4259 4027 muss. Das hat nichts mit persönlicher Eitel¬
1642 3996 4198 4241 keit zu tun. Es gibt Schriftsteller bei de¬
1645 4176 4253 4425 nen es möglich ist ihr Schaffen von ihrem Da¬
1656 4357 4254 4593 sein zu trennen. Ich gehöre nicht zu ihnen.
1657 4551 4264 4784 Ich vermeide es mich hinter der Legende von
1748 4748 4288 5021 einer Persönlichkeit zu verstecken, die es
1678 4938 4038 5213 verschmäht oder nicht imstande ist, ihr
1674 5091 4204 5374 bestes, ihr Eigenstes in ihren Werken zum
1698 5319 4365 5538 Ausdruck zu bringen. Man kann es zum Beispiel
