3240 5629
176 1895 2524 1997 Mit meinen Arbeiten geht es mir merkwürdig.
160 2039 2596 2137 So vielerlei durcheinander, so viel neue Ausblicke.
148 2183 2456 2293 durch alte Stoffe, so viele neue Pläne haben
156 2339 2480 2441 mich selten auf einmal beschäftigt. Und wenn
192 2507 2424 2589 das Gefühl der großen Unwichtigkeit mich nicht
180 2643 2676 2749 hinderte, käme ich wol rascher vorwärts. Schließ¬
144 2815 2384 2909 lich wird ja doch der Todesgedanke, der mich
140 2971 2420 3065 immer mehr und mehr meiner bemächtigt,
144 3151 2424 3245 seine Wirkung ausüben, und mich an ein
128 3315 2380 3421 Ziel führen. Ist es nicht sonderbar, dass ich
112 3459 2540 3585 an den Tod unabläßiger denn je, aber ohne
124 3627 2524 3757 Qual und ohne Angst, ja beinahe mit Neu¬
128 3807 2556 3925 gierde denke? Ich bilde mir aus mehrfachen
120 3999 2508 4081 Gründen ein, dass ich mit fünfunddreißig
140 4143 2580 4265 Jahren an einem Märztag weggehen werde,
132 4295 2492 4409 und ich denke daran, wie an ein Unter¬
128 4475 2528 4577 nehmen, dessen Zustandekommen zum Theil
108 4619 2512 4737 in meiner Macht liegt. Es ist nicht Selbst¬
124 4779 2452 4901 mord, warum sonst die fünfundreißig?
156 4959 2456 5045 Aber es ist so, als müsste ich in diesen
