3268 5846
1575 1110 2611 1204 Ischl, Traunquai 11
2067 1266 2631 1348 14. Aug. 00.
403 1722 2934 1928 Lieber Freund, leider mußte ich von Wien aus
407 1902 2871 2144 zuerst nach Karlsbad, wie Sie wissen, u.
395 2074 2859 2328 bin erst heute hierhergekommen. Ich muss
387 2266 2859 2512 nun wenigstens 7-8 Tage still sitzen
371 2426 2871 2732 und arbeiten. Außerdem bin ich auch
387 2614 2903 2920 nicht besonders wol. Es ist für mich
395 2794 2823 3123 garnicht dran zu denken, dass ich
387 2981 2823 3327 nach Schruns komme. Aber einen
407 3157 2835 3555 Vorschlag: Möchten Sie vom End¬
403 3381 2831 3767 punkt Ihrer Tour aus mit mir
383 3585 2934 3951 eine mehrtägige Radparthie machen?
399 3765 2867 4135 Wenn Sie, wie Sie mir schreiben, nach
411 3949 2731 4311 Meran kommen, dann schlage
407 4129 2859 4551 ich vor, dass wir uns in Bozen
423 4401 2911 4759 treffen, und überlasse dann Ihnen
423 4601 2879 4983 die Bestimmung der Route. (Gerne
