3586 5985
1879 1016 2921 1282 Heiligenstadt, i5. I. 08
551 1844 830 2049 Lieber,
875 1953 2914 2161 eben wird mir aus der Redaktion telefonirt,
539 2123 3075 2357 dass Ihr »Zwischenspiel« den Grillparzer-Preis be¬
526 2315 2892 2527 kam. Ich habe eine große Freude drüber, und
523 2443 3040 2677 sende Ihnen meinen herzlichen Glückwunsch. Es war das
510 2616 2931 2866 Beste, was die Herren tun konnten, – wenn es ihnen
500 2809 3056 3014 auch, wie’s scheint, nicht so bald eingefallen ist – und
487 2972 3062 3181 hoffentlich kommt diese Freude auch in einem guten
491 3149 3072 3367 Moment, und es geht Ihrer Frau immer besser und
494 3376 715 3623 besser.
866 3447 2927 3674 Wir sind alle krank. Influenza. Und wir
510 3597 3084 3851 liegen auch alle seit Samstag im Bett. Otti hat sogar
500 3758 3011 4024 eine Blinddarmreizung. Aber wir hoffen, dass nächste
481 3960 1690 4159 Woche alles wieder gut ist.
975 4033 2940 4312 Nochmals herzliche Glückwünsche, und
731 4239 2321 4498 viele Güße an Sie u. Frau Olga.
2119 4415 2321 4601 Ihr
2376 4559 2751 4771 Salten
