6145 8170
679 1456 5129 1834 sprechen, dass Sie eine niedrige Gesinnung bei mir annehmen. Da¬
661 1735 5199 2048 rin liegt nicht nur eine Fälschung meiner Kritik; (denn Sie wer¬
656 1926 5182 2251 den allen Leuten, die meine »Freude« nicht ausfinden können, lä¬
656 2153 5118 2454 chelnd zu verstehen geben, dass Sie eben ein feineres Gehör ha¬
656 2344 4979 2681 ben, als andere Menschen) darin liegt auch eine Treulosigkeit
679 2553 5095 2878 gegen unseren persönlichen Verkehr. Denn nur, wenn Sie sich al¬
644 2768 5135 3075 les dessen entschlagen, was Sie im Umgang mit mir an mir kennen
650 2971 4921 3284 gelernt haben, sind Sie imstande einen solchen Vorwurf gegen
632 3168 5008 3493 mich zu erheben. Darin liegt aber auch schon die Bereitschaft,
644 3377 4979 3714 diesen persönlichen Verkehr künftighin zur Bekräftigung Ihres
638 3580 3284 3893 Briefes umzufärben und zu verleumden.
1364 3737 4984 4102 Viel deutlicher geht das Verhalten, zu dem Sie sich
644 3986 5019 4294 entschlossen haben, aus dem andern Vorwurf hervor, den Sie mir
638 4195 4851 4491 machen, aus der von Ihnen sorgfältig zugefeilten Formel vom
679 4392 5141 4741 »kaltherzig, berechnet leidenschaftlichen, politisierenden Jour¬
627 4613 5042 4944 nalismus«. Was Sie hier begehen, ist weit schlimmer. Gerade Sie
627 4845 4961 5170 kennen mich genug oder sind doch – was dasselbe bieibt – ver¬
650 5002 4984 5362 pflichtet, mich hinlänglich zu kennen, um zu wissen, dass ich
627 5216 5147 5565 nicht kaltherzig bin und dass, wenn Leidenschaftlichkeit bei mir
650 5431 5164 5814 irgendwo zutage tritt, nicht die Spur einer Berechnung mit dabei
632 5628 4921 6006 ist. Gerade Sie wissen, warum ich als produktiver Mensch den
644 5808 5112 6191 Journalismus ausübe und wie ich ihn ausübe. Dass ich jemals po¬
644 6035 5187 6400 litisierend meine Urteile gedrechselt hätte, ist aus meinem Leben
644 6261 4921 6638 kein einziges Mal ersichtlich. Trotzdem werfen Sie mir diese
656 6441 5147 6830 Worte zu und vergreifen sich an mir, Sie – an mir, Sie, der den
661 6597 5321 7038 Journalismus mit solcher Mühe umwirbt – an mir, der ich von meinem
679 6853 5008 7218 Standpunkt aus mit Ihnen über Journalismus gar nicht zu reden
667 7050 5002 7468 brauchte; – Sie – an mir, der Sie sich damit begnügen, in ge¬
690 7253 5042 7683 fahrlos verschwiegenen Zimmern ohne alle Verantwortung zu pre¬
