3748 6572
1588 1147 2840 1205 Florenz, 22. Mai 02.
440 1683 3276 1829 Lieber Arthur, eben las ich Ihre kleine No¬
420 1855 3128 2025 velle in der »N. fr. Pr.« Ich glaube, das ist nicht
428 2023 3296 2193 blos an sich etwas Gutes, sondern auch ein Schritt
416 2179 3204 2361 weiter. Es ist alles Psychologische in eine knappe
416 2299 3260 2501 Gegenständlichkeit verlegt, und gut zusam̄en¬
424 2423 3188 2629 gefaßt. Meunier und Maupassant. Und
424 2567 3324 2769 es ist wirklich »erzählt.« Ich finde neue Spuren
456 2691 3280 2921 darin und täusche mich hoffentlich nicht. Ne¬
416 2835 3120 3061 benbei: die ganze Renate liegt auch drin, im
424 2975 3136 3213 Extract, und eigentlich viel plastischer und
416 3099 3252 3361 aufrichtiger, obwol vorn und hinten alles fehlt.
412 3235 3256 3501 Der Titel »Dämmerseele« scheint mir aber ganz ver¬
424 3375 3252 3641 fehlt. - Geschrieben nimmt sich alles härter aus,
388 3503 3160 3793 bitte - reduzieren Sie also das Folgende auf die
400 3647 3288 3929 Wirkung des Gesagten: Es ist ein Dörmann Titel,
412 3831 2984 4089 d. h. ein Versuch eine Gattung abzugrenzen, zu
404 3935 3088 4217 benennen, aber die Grenze und die Benennung
404 4063 3176 4373 sind nicht scharf, und dem Wort haftet eine
412 4195 3232 4509 leidige, ins Sentimentale gehende Weichlichkeit an.
404 4343 3252 4677 Es liegt auch kaum die Notwendigkeit vor, durch
412 4487 3156 4817 den Titel etwas zu erklären, mit ihm selbst
412 4623 3216 4957 das Wort zu ergreifen. Und gerade mit diesem
408 4759 3288 5109 Titel ist alles in einer eigentlich hindernden und
412 4907 3256 5245 auch irreführenden Art vorweg genommen. Er
408 5063 3248 5401 ist vielleicht aus der Hofkirche besser zu holen.
404 5215 3268 5553 Am besten aus der Einfachheit. Ganz außerordent¬
432 5391 3188 5693 lich ist der Schluß. Das geht in kurzer Wendung
