4934 6426
1621 1568 4319 1760 ist. Sind diese Werke ideenlos und gering so
1618 1786 4273 1921 muss ich es selbst auch sein. Und es ist nur
1643 1963 4311 2093 ein Gebot der Selbstachtung eine menschliche
1650 2095 4308 2278 Beziehung, jener schönen Lüge zu entkleiden,
1709 2321 4140 2478 die sie durch die Ursopierung des schönen
1650 2513 4352 2634 Wortes Freundschaft um die Schultern schlägt.
1686 2650 4204 2817 Und die Erinnerung unserer früheren Freund¬
1644 2841 4175 3024 schaft steht mir zu hoch, als dass ich die
1633 3026 4212 3221 Illusion aufrecht erhalten dürfte, zwei Men¬
1645 3254 4116 3412 schen die so ziemlich über alle Dinge der
1649 3441 4191 3636 Welt so verschieden denken, wie ich und Du
1634 3625 4257 3815 könnten Freunde bleiben oder weiter Freunde
1636 3840 2164 4020 heissen.
