3290 5881
1608 1259 2544 1353 Teplitz, 6. Mai 99.
444 2167 2872 2313 Lieber Freund, ich nehme an, dass die
376 2367 2820 2573 Telegramme von heute, wie die Sendung
372 2599 2944 2805 an den Magistrat von Ihnen herrühren
364 2831 2864 3045 und danke Ihnen sehr herzlich dafür.
364 3059 2944 3261 Ich wußte wirklich nicht, dass der Termin
372 3291 2756 3509 so kurz gestellt ist, sonst hätte ich
352 3503 2848 3749 mir die Sachen vorher geordnet. Über¬
368 3763 2736 3993 haupt habe ich mich erst vor ein
348 4019 2808 4241 paar Tagen zu Teplitz entschloßen,
348 4263 2576 4505 und schrieb Ihnen deshalb vor
376 4539 2792 4793 meiner Abreise kurz »Dresden,« wie
372 4815 2884 5053 ich es allen gesagt hatte. Ich hatte
