4065 6939
688 1288 1571 1342 Jung-Wiener Theater
2556 1339 3576 1393 Wien, 12. Juni 1901
797 1406 1485 1468 Zum lieben Augustin.
2394 1422 2929 1483 (Theater a. d. Wien)
978 1594 1324 1644 Direction.
571 2258 3643 2340 Lieber Freund, es thut mir leid, dass ich Sie nicht mehr
539 2442 3611 2512 gesprochen habe. Bis Sonntag war ich verreist, Karlsbad
515 2618 3727 2708 Prag. Habe in Prag Frl. Bardi und einen hübschen jungen
495 2798 3519 2868 Tenor engagiert, der die größte Ambition hat, ein Sven
495 2974 3683 3048 Skolander zu werden. Von Dr Mandl haben Sie gehört, dass
499 3150 3571 3220 Otti operirt wurde. Das war ziemlich schrecklich, obwol
507 3322 3687 3404 die ganze Sache an sich ja nichts bedeutet und glücklich
503 3506 3527 3584 verlaufen ist. Ich bleibe nun ungefähr acht Tage in
519 3682 3491 3772 Wien und fahre dann nach München, zwei Tage,
487 3862 3675 3940 von dort nach Zürich, drei Tage, (Felix) von da nach
491 4042 3407 4120 Paris, zwölf-14 Tage und d'dann nach Köln,
487 4222 3691 4296 Frankfurt, Wiesbaden, Stuttgart - Wien. Im Juli werde
487 4410 3547 4488 ich im Salzkammergut oder am Wörthersee sein.
471 4586 3611 4668 Auch zu einer kleinen Radtour wäre ich bereit. Den
479 4762 3579 4840 größten Theil des August bin ich in Wien, mit Aus¬
451 4946 3611 5032 nahme einer kurzen Reise nach Prag und nach
491 5130 3619 5216 Aussee. Das ist alles. Ich freue mich, dass Sie ein
475 5322 3635 5408 neues Stück haben, und hege künstlerisch eine ganz
479 5494 3559 5572 bestimmte Erwartung daran. Vielleicht läßt es sich
459 5682 3471 5756 machen, dass Bukovics mir die »Marionetten« abtritt,
487 5854 3579 5940 d. h. wenn Sie mir das Stück geben wollen. Schrei¬
