3319 5991
1987 1654 2987 1720 Wien, 30. Juli 98.
475 2082 2991 2152 Lieber Arthur, bis heute war ich nicht
423 2290 2831 2364 in Wien. Meine Arbeit habe ich in
451 2510 2947 2580 Pressbaum fertig gemacht, dann bin ich
427 2722 2983 2808 in Karlsbad gewesen, und jetzt war ich
423 2934 2799 3004 wieder in Pressbaum. Ich gehe am
451 3142 2839 3220 8ten nach Reichenhall, wo ich bis
427 3342 2847 3432 1. September bleibe. Vielleicht kommen
419 3582 2891 3652 Sie einmal vorbei. Dort schreibe ich
423 3790 2963 3872 das österr. Theater. Stimmung und Befin¬
415 4014 2855 4088 den nicht hervorragend. In Karlsbad
403 4242 2651 4308 ein hübsches Erlebnis. Ab 1. August
423 4450 2919 4516 wohne ich Hietzing, Wattmanngasse 11,
415 4662 2907 4732 doch bitte ich mir Briefe nur hieher,
451 4866 2991 4956 damit sie mir nachgeschickt werden.
