4499 4208
666 1138 886 1198 Viellung
954 1147 1326 1207 anschmen
1393 1145 1608 1205 ande.
1625 1144 1783 1204 Dann
1845 1146 1969 1206 aber
2026 1146 2190 1206 würde
2268 1146 2375 1206 Diese
2426 1152 2657 1212 Siellung
2720 1155 2810 1215 wil
2883 1161 3131 1221 füraug
3199 1146 3351 1206 nicht
3402 1141 3730 1201 meptabel
3797 1153 3921 1213 sein

642 1257 793 1317 wenn
854 1261 883 1321 is
958 1263 1091 1323 noch
1166 1267 1176 1327 so
1251 1270 1394 1330 offen
1483 1270 1597 1330 ind
1663 1267 1904 1327 gindegs
2008 1269 2131 1329 mir
2193 1258 2363 1318 Rem
2448 1267 2850 1327 brwerbe,
2864 1271 3016 1331 eben
3105 1267 3223 1327 weit
3295 1263 3337 1323 irt
3408 1260 3422 1320 mi
3621 1252 3937 1312 bewebe.

669 1376 819 1436 Juligt
897 1380 1024 1440 aber
1096 1386 1207 1446 gibt
1268 1389 1307 1449 es
1368 1393 1446 1453 für
1518 1389 1645 1449 mif
1717 1388 1845 1448 noch
1917 1391 2072 1451 einen
2133 1386 2400 1446 höheren
2472 1383 2721 1443 Grund,
2738 1377 2887 1437 nun

643 1487 892 1547 nicnals
957 1490 1127 1550 keirn
1201 1499 1525 1559 Bnscdikt
1609 1503 1699 1563 oder
1769 1504 1914 1564 wast
1983 1502 2382 1562 Imandem
2447 1493 2950 1553 anzubieten.
2960 1482 2970 1542 Ic
3044 1478 3189 1538 habe
3258 1473 3333 1533 das
3388 1476 3398 1536 si
3517 1473 3772 1533 meuen
3831 1473 4110 1533 Rleindten

646 1598 740 1658 und
798 1601 1114 1661 schwndten
1174 1604 1466 1664 Anfungen
1554 1607 1689 1667 nicht
1730 1613 1982 1673 getan.
2006 1609 2093 1669 Jtzt
2176 1610 2422 1670 schrube
2498 1613 2504 1673 i
2622 1613 2709 1673 sit
2785 1602 3084 1662 abtscehm
3149 1586 3454 1646 Sahme,
3465 1583 3641 1643 meine
3700 1572 3946 1632 Leistung
3993 1568 4051 1628 ist

652 1705 664 1765 zu
758 1710 1123 1770 ofnkundig
1188 1708 1287 1768 unt
1423 1708 1564 1768 wenn
1629 1711 1700 1771 das
1747 1711 1852 1771 Wort
1924 1708 2129 1768 erhubt
2188 1705 2383 1765 ist,
2406 1717 2565 1777 mein
2624 1711 2901 1771 Anmpruch
2989 1702 3083 1762 auf
3136 1693 3225 1753 eine
3295 1687 3425 1747 Stte
3519 1684 3595 1744 in
3660 1677 3819 1737 ersen
3907 1673 4031 1733 Peleif

690 1815 966 1875 Dorreichs
1054 1819 1065 1879 zu
1159 1819 1482 1879 gerecht,
1498 1819 1571 1879 als
1628 1819 1732 1879 dom
1784 1819 1816 1879 eg
1888 1820 2055 1880 sibst
2128 1818 2217 1878 nuf
2295 1813 2399 1873 dese
2478 1810 2728 1870 Estung
2812 1809 3171 1869 hinweisen
3254 1793 3359 1853 oder
3432 1789 3614 1849 diesen
3682 1780 4000 1840 Ansprüch

632 1932 843 1992 geltend
934 1930 1193 1990 mafen
1296 1929 1513 1989 nöchte

655 2022 704 2082 die
753 2026 904 2086 einten
953 2028 1190 2088 einzigen
1234 2022 1477 2082 Betracht
1553 2016 1802 2076 bedautire
1872 2013 1905 2073 ig
1969 2015 2002 2075 es
2045 2010 2342 2070 lebhuft,
2353 2001 2462 2061 dass
2516 1998 2564 2058 Sie
2634 1996 2786 2056 nicht
2856 1993 3446 2053 dazugelangen,
3462 1975 3581 2035 ut
3646 1967 3797 2027 berin
3852 1962 4111 2022 Bnndiht

631 2123 641 2183 zu
736 2126 1064 2186 rerchen.
1079 2125 1179 2185 Und
1220 2120 1305 2180 ans
1366 2117 1527 2177 diesem
1592 2122 1758 2182 Grund
1824 2117 2011 2177 alleie
2091 2113 2167 2173 hit
2212 2108 2248 2168 es
2283 2108 2388 2168 mir
2444 2105 2625 2165 End,
2640 2102 2751 2162 dass
2817 2099 2857 2159 es
2907 2096 3064 2156 nicht
3134 2081 3346 2141 ünglig
3416 2078 3542 2138 ist,
3557 2074 3673 2134 eine
3734 2066 3809 2126 im
3865 2065 4076 2125 Meiier

642 2216 652 2276 so
734 2222 831 2282 viel
902 2222 1127 2282 briedite
1203 2222 1744 2282 angelegenheit,
1759 2227 1841 2287 wie
1917 2222 2086 2282 eein
2157 2213 2387 2273 Astutt
2453 2206 2560 2266 aus
2632 2198 2703 2258 der
2779 2195 2867 2255 Zut
2948 2189 2989 2249 es
3030 2183 3157 2243 ist,
3172 2180 3244 2240 vor
3316 2177 3433 2237 Hrin
3489 2171 3739 2231 Bndikt
3805 2165 3815 2225 zu
3902 2162 4121 2222 eüühne

645 2323 739 2383 r
804 2335 914 2395 mit
980 2332 1227 2392 nanng
1309 2332 1446 2392 dieser
1496 2332 1622 2392 dage
1699 2329 2045 2389 zugtiragen
2111 2321 2407 2381 worden,
2429 2314 2534 2374 Werr
2583 2302 2901 2362 Anediclt
2978 2287 3044 2347 ist
3197 2281 3676 2341 nahrschmnlig
3741 2263 3835 2323 im
3900 2257 4043 2317 einner

611 2428 714 2488 mir
776 2439 970 2499 shlicht
1056 2446 1352 2506 gerinnten
1426 2437 1540 2497 Seche
1688 2434 1700 2494 zu
1820 2434 1877 2494 der
1945 2434 2190 2494 Anscht
2264 2419 2623 2479 gebracht,
2640 2413 2675 2473 ig
2749 2407 2874 2467 lebe
2960 2403 3023 2463 in
3102 2392 3280 2452 villig
3365 2377 3667 2437 desolalen
3735 2357 4134 2417 Geldveshält¬

624 2545 860 2605 nak,
880 2547 1038 2607 sueke
1124 2550 1203 2610 bis
1275 2553 1406 2613 über
1492 2552 1545 2612 die
1584 2550 1775 2610 Oernn
1847 2548 1900 2608 in
1959 2541 2348 2601 Snulden,
2367 2532 2472 2592 und
2531 2523 2689 2583 führe
2756 2514 2847 2574 ein
2907 2505 3249 2565 grassendis
3315 2475 4031 2535 Verschwendertenn.

630 2656 761 2716 unm
821 2663 859 2723 er
941 2664 1066 2724 nun
1142 2658 1480 2718 aufgekläürt
1562 2655 1698 2715 hätte
1769 2651 1971 2711 seiden
2042 2642 2434 2702 könnsen,
2450 2630 2554 2690 dass
2592 2626 2624 2686 ig
2696 2620 2788 2680 wol
2870 2611 3153 2671 Schlden
3224 2598 3371 2658 hatte
3453 2580 3829 2640 Kanniteen)
3900 2563 4003 2623 jot

595 2762 706 2822 abet
786 2768 938 2828 keitte
1019 2768 1175 2828 mehr
1251 2762 1519 2822 labe,
1534 2765 1630 2825 dun
1691 2762 1726 2822 ig
1827 2756 1837 2816 wi
1989 2750 2433 2810 anstmag,
2448 2747 2580 2807 aber
2651 2733 2792 2793 niht
2868 2712 3479 2772 verschwendernsch
3580 2696 3803 2756 libe,
3818 2689 3934 2749 hoch
4000 2677 4126 2737 ver¬

619 2868 793 2928 sieheeit
852 2872 1006 2932 bin,
1016 2874 1125 2934 und
1210 2869 1309 2929 ang
1393 2863 1502 2923 sond
1591 2866 1741 2926 kerne
1815 2863 2178 2923 matnicken
2237 2855 2455 2915 kden
2535 2845 2778 2905 habe,
2793 2836 2932 2896 wäre
2996 2825 3116 2885 mir
3175 2819 3270 2879 das
3339 2812 3488 2872 schre
3572 2807 3627 2867 in
3682 2799 3885 2859 einem
3949 2789 4088 2849 gaz

596 2976 992 3036 algekenten
1100 2988 1203 3048 und
1275 2972 1727 3032 ginzigielen
1820 2972 1969 3032 Sinm
2062 2971 2170 3031 sehr
2252 2964 2597 3024 eününscht
2664 2953 3029 3013 gengen,
3049 2938 3168 2998 und
3240 2926 3281 2986 es
3327 2916 3476 2976 häre
3574 2912 3703 2972 mir
3775 2904 3898 2964 eiee
3975 2896 4057 2956 ein

602 3074 750 3134 fasle
811 3097 1411 3157 Richugdrkung,
1431 3087 1633 3147 soclhe
1707 3087 1855 3147 keine
1910 3087 2260 3147 anderen,
2280 3077 2860 3137 Venkurirenden
2934 3050 3299 3110 Enssssnn
3366 3023 3676 3083 verlegzt.
3690 3019 3818 3079 An
3878 3017 3986 3077 wird
4026 3016 4066 3076 es

616 3187 683 3247 dor
750 3199 823 3259 wit
889 3203 973 3263 am
1046 3210 1213 3270 birten
1297 3209 1398 3269 sein
1487 3210 1626 3270 unn
1682 3201 1732 3261 irg
1794 3201 1850 3261 in
1928 3201 2051 3261 dend
2112 3198 2336 3258 sanzen
2414 3193 2570 3253 Sache
2682 3189 2855 3249 sulig
2933 3175 3301 3235 zuwarte.
3318 3162 3323 3222 I
3430 3153 3547 3213 weiß
3625 3147 3636 3207 ja
3748 3145 3904 3205 heute
3971 3138 4105 3198 selbst
