2864 4281
185 829 2582 993 gers Ideen Geld verlieren möchte.
226 970 2761 1154 Deshalb sein Plan mit Beer-Hofmann!
208 1098 2731 1309 Von mir verlangt er, ich soll ihm
214 1235 2755 1476 einen Capitalisten schaffen. Dann
217 1402 2609 1632 will er mir eine Redactionsstelle
205 1567 2746 1814 gegen - Gewinnstantheil - verleihen!!
367 1779 2767 2026 Ich arbeite wenig, denn die Zeitung
220 1922 2474 2196 macht mir viel Kopfzerbrechen
205 2083 2573 2354 und auch sonst kommt wieder
223 2277 2722 2533 einmal viel auf einmal zu¬
241 2453 2782 2781 sammen. In ein paar Tagen
250 2659 2737 2990 fahre ich wieder nach Unterach.
313 2850 2800 3190 Schreiben Sie mir aber immerhin
277 3029 2683 3411 nur hierher. Das Feuilleton
301 3209 2627 3584 über Goldmann erscheint in
355 3406 2758 3757 den nächsten Tagen. Ich sende
