<?xml version="1.0" encoding="UTF-8" standalone="yes"?>
<PcGts xmlns="http://schema.primaresearch.org/PAGE/gts/pagecontent/2013-07-15" xmlns:xsi="http://www.w3.org/2001/XMLSchema-instance" xsi:schemaLocation="http://schema.primaresearch.org/PAGE/gts/pagecontent/2013-07-15 http://schema.primaresearch.org/PAGE/gts/pagecontent/2013-07-15/pagecontent.xsd">
    <Metadata>
        <Creator>Transkribus</Creator>
        <Created>2023-01-18T10:26:01.921+01:00</Created>
        <LastChange>2023-07-06T15:28:39.693+02:00</LastChange>
        <TranskribusMetadata docId="1297600" pageId="51644552" pageNr="88" tsid="129028804" status="IN_PROGRESS" userId="100952" imgUrl="https://files.transkribus.eu/Get?id=OKNPRHKMTDQWNMJMYBYZARXJ&amp;fileType=view" xmlUrl="https://files.transkribus.eu/Get?id=PJIOIHWTIVWADZZBMOUAXKUA" imageId="42229001"/>
    </Metadata>
    <Page imageFilename="MS-SCHNITZLER-B-00089-A-00002-000-00054-R.tif" imageWidth="3943" imageHeight="3731">
        <ReadingOrder>
            <OrderedGroup id="ro_1695210541359" caption="Regions reading order">
                <RegionRefIndexed index="0" regionRef="tr_1"/>
            </OrderedGroup>
        </ReadingOrder>
        <TextRegion id="tr_1" custom="readingOrder {index:0;}">
            <Coords points="459,1161 3632,1161 3632,2953 459,2953"/>
            <TextLine id="line_1676886421815_2980" custom="readingOrder {index:0;} salute {offset:0; length:6;} place {offset:53; length:5;} textStyle {offset:59; length:2;underlined:true;}">
                <Coords points="504,1235 758,1214 862,1208 1089,1199 1402,1190 1581,1187 1850,1184 3507,1166 3551,1166 3551,1216 3417,1222 2880,1234 579,1285 534,1285 504,1285"/>
                <Baseline points="504,1280 534,1280 579,1280 623,1277 668,1271 713,1265 758,1259 802,1262 862,1253 865,1259 910,1262 955,1256 999,1253 1044,1250 1089,1244 1134,1244 1178,1244 1223,1241 1268,1241 1313,1241 1358,1238 1402,1235 1447,1235 1492,1235 1537,1235 1581,1232 1626,1235 1671,1235 1716,1232 1761,1232 1805,1232 1850,1229 1895,1229 1940,1229 1984,1229 2029,1229 2074,1232 2119,1235 2163,1232 2208,1235 2253,1235 2298,1235 2343,1235 2387,1235 2432,1232 2477,1235 2522,1229 2566,1229 2611,1229 2656,1229 2701,1232 2746,1229 2790,1229 2835,1226 2880,1229 2925,1226 2969,1223 3014,1226 3059,1223 3104,1220 3148,1220 3193,1217 3238,1214 3283,1214 3328,1217 3372,1214 3417,1217 3462,1214 3507,1211 3551,1211"/>
                <TextEquiv>
                    <Unicode>Lieber, heute erhielt ich Ihre Karte. Ich möchte von Ischl so fortfahren, </Unicode>
                </TextEquiv>
            </TextLine>
            <TextLine id="tr_1_tl_3" custom="readingOrder {index:1;} place {offset:35; length:5;}">
                <Coords points="498,1411 501,1414 546,1408 590,1405 635,1402 680,1396 725,1393 770,1390 814,1381 859,1381 904,1378 949,1375 993,1369 1038,1366 1083,1363 1128,1360 1173,1357 1217,1357 1262,1354 1307,1351 1352,1354 1396,1351 1441,1348 1486,1345 1531,1342 1575,1342 1620,1345 1665,1345 1710,1345 1755,1342 1799,1345 1844,1348 1889,1345 1934,1342 1978,1339 2023,1336 2068,1336 2113,1336 2158,1336 2202,1333 2247,1333 2292,1336 2337,1336 2381,1339 2426,1339 2471,1333 2516,1333 2560,1336 2605,1339 2650,1339 2695,1339 2740,1330 2784,1330 2829,1328 2874,1325 2919,1319 2963,1319 3008,1316 3053,1316 3098,1313 3142,1313 3187,1307 3232,1304 3277,1304 3322,1304 3366,1301 3411,1292 3411,1342 3366,1351 3322,1354 3277,1354 3232,1354 3187,1357 3142,1363 3098,1363 3053,1366 3008,1366 2963,1369 2919,1369 2874,1375 2829,1378 2784,1380 2740,1380 2695,1389 2650,1389 2605,1389 2560,1386 2516,1383 2471,1383 2426,1389 2381,1389 2337,1386 2292,1386 2247,1383 2202,1383 2158,1386 2113,1386 2068,1386 2023,1386 1978,1389 1934,1392 1889,1395 1844,1398 1799,1395 1755,1392 1710,1395 1665,1395 1620,1395 1575,1392 1531,1392 1486,1395 1441,1398 1396,1401 1352,1404 1307,1401 1262,1404 1217,1407 1173,1407 1128,1410 1083,1413 1038,1416 993,1419 949,1425 904,1428 859,1431 814,1431 770,1440 725,1443 680,1446 635,1452 590,1455 546,1458 501,1464 498,1461"/>
                <Baseline points="498,1456 501,1459 546,1453 590,1450 635,1447 680,1441 725,1438 770,1435 814,1426 859,1426 904,1423 949,1420 993,1414 1038,1411 1083,1408 1128,1405 1173,1402 1217,1402 1262,1399 1307,1396 1352,1399 1396,1396 1441,1393 1486,1390 1531,1387 1575,1387 1620,1390 1665,1390 1710,1390 1755,1387 1799,1390 1844,1393 1889,1390 1934,1387 1978,1384 2023,1381 2068,1381 2113,1381 2158,1381 2202,1378 2247,1378 2292,1381 2337,1381 2381,1384 2426,1384 2471,1378 2516,1378 2560,1381 2605,1384 2650,1384 2695,1384 2740,1375 2784,1375 2829,1373 2874,1370 2919,1364 2963,1364 3008,1361 3053,1361 3098,1358 3142,1358 3187,1352 3232,1349 3277,1349 3322,1349 3366,1346 3411,1337"/>
                <TextEquiv>
                    <Unicode>dass ich gleichzeitig mit Ihnen in Bozen bin. Bitte, sagen Sie mir</Unicode>
                </TextEquiv>
            </TextLine>
            <TextLine id="line_1676886428569_2987" custom="readingOrder {index:2;}">
                <Coords points="483,1575 579,1563 668,1554 758,1545 1026,1525 1205,1513 1429,1504 1653,1495 2101,1477 3178,1444 3223,1444 3268,1444 3313,1447 3325,1450 3325,1500 489,1625 483,1625"/>
                <Baseline points="483,1620 489,1620 534,1614 579,1608 623,1605 668,1599 713,1596 758,1590 802,1590 847,1584 892,1581 937,1578 981,1575 1026,1570 1071,1567 1116,1564 1161,1561 1205,1558 1250,1558 1295,1558 1340,1555 1384,1552 1429,1549 1474,1549 1519,1546 1564,1546 1608,1543 1653,1540 1698,1540 1743,1537 1787,1537 1832,1537 1877,1534 1922,1534 1966,1531 2011,1528 2056,1525 2101,1522 2146,1522 2190,1522 2235,1522 2280,1522 2325,1519 2369,1519 2414,1519 2459,1516 2504,1513 2549,1510 2593,1507 2710,1510 2734,1513 2778,1513 2823,1510 2868,1510 2913,1507 2957,1504 3002,1498 3047,1498 3134,1495 3178,1489 3223,1489 3268,1489 3313,1492 3325,1495"/>
                <TextEquiv>
                    <Unicode>also, wann Sie dort sind, - ungefähr wenigstens. Ferner: Ich</Unicode>
                </TextEquiv>
            </TextLine>
            <TextLine id="tr_1_tl_7" custom="readingOrder {index:3;} date {offset:9; length:2;} date {offset:26; length:2;} place {offset:42; length:4;}">
                <Coords points="474,1739 498,1736 543,1733 588,1730 632,1730 677,1724 722,1722 767,1724 811,1719 856,1719 901,1716 946,1716 990,1713 1035,1698 1080,1692 1125,1692 1170,1689 1214,1686 1259,1683 1304,1680 1349,1680 1393,1677 1438,1674 1483,1674 1528,1671 1572,1671 1617,1671 1662,1668 1707,1665 1752,1659 1796,1659 1841,1653 1886,1656 1931,1653 1975,1653 2020,1650 2065,1647 2110,1647 2155,1644 2199,1641 2244,1641 2289,1638 2334,1638 2378,1635 2423,1629 2468,1626 2513,1623 2557,1620 2602,1617 2647,1617 2692,1614 2737,1614 2781,1614 2826,1611 2871,1611 2916,1608 2960,1608 3005,1608 3050,1608 3095,1608 3140,1605 3184,1602 3229,1602 3274,1599 3319,1596 3363,1599 3408,1599 3453,1596 3498,1596 3542,1596 3587,1593 3632,1593 3632,1643 3587,1643 3542,1646 3498,1646 3453,1646 3408,1649 3363,1649 3319,1646 3274,1649 3229,1652 3184,1652 3140,1655 3095,1658 3050,1658 3005,1658 2960,1658 2916,1658 2871,1661 2826,1661 2781,1664 2737,1664 2692,1664 2647,1667 2602,1667 2557,1670 2513,1673 2468,1676 2423,1679 2378,1685 2334,1688 2289,1688 2244,1691 2199,1691 2155,1694 2110,1697 2065,1697 2020,1700 1975,1703 1931,1703 1886,1706 1841,1703 1796,1709 1752,1709 1707,1715 1662,1718 1617,1721 1572,1721 1528,1721 1483,1724 1438,1724 1393,1727 1349,1730 1304,1730 1259,1733 1214,1736 1170,1739 1125,1742 1080,1742 1035,1748 990,1763 946,1766 901,1766 856,1769 811,1769 767,1774 722,1772 677,1774 632,1780 588,1780 543,1783 498,1786 474,1789"/>
                <Baseline points="474,1784 498,1781 543,1778 588,1775 632,1775 677,1769 722,1767 767,1769 811,1764 856,1764 901,1761 946,1761 990,1758 1035,1743 1080,1737 1125,1737 1170,1734 1214,1731 1259,1728 1304,1725 1349,1725 1393,1722 1438,1719 1483,1719 1528,1716 1572,1716 1617,1716 1662,1713 1707,1710 1752,1704 1796,1704 1841,1698 1886,1701 1931,1698 1975,1698 2020,1695 2065,1692 2110,1692 2155,1689 2199,1686 2244,1686 2289,1683 2334,1683 2378,1680 2423,1674 2468,1671 2513,1668 2557,1665 2602,1662 2647,1662 2692,1659 2737,1659 2781,1659 2826,1656 2871,1656 2916,1653 2960,1653 3005,1653 3050,1653 3095,1653 3140,1650 3184,1647 3229,1647 3274,1644 3319,1641 3363,1644 3408,1644 3453,1641 3498,1641 3542,1641 3587,1638 3632,1638"/>
                <TextEquiv>
                    <Unicode>müßte am 1. spätestens am 3. September in Wien sein. Endlich: welche</Unicode>
                </TextEquiv>
            </TextLine>
            <TextLine id="line_1676886435407_2993" custom="readingOrder {index:4;} place {offset:20; length:7;} place {offset:31; length:7;}">
                <Coords points="483,1907 1441,1832 1575,1823 2784,1742 2829,1739 2874,1736 3477,1707 3477,1757 3074,1798 3014,1804 814,1942 590,1954 501,1957 483,1957"/>
                <Baseline points="483,1952 501,1952 546,1949 590,1949 635,1946 680,1943 725,1937 770,1937 814,1937 859,1934 904,1928 949,1925 993,1922 1038,1919 1083,1913 1128,1910 1173,1904 1217,1901 1262,1898 1307,1895 1352,1889 1396,1883 1441,1877 1486,1874 1531,1871 1575,1868 1620,1868 1665,1865 1710,1865 1755,1862 1799,1862 1844,1862 1889,1862 1934,1862 1978,1862 2023,1859 2068,1856 2113,1847 2158,1841 2202,1838 2247,1832 2292,1823 2337,1820 2381,1817 2426,1814 2471,1811 2516,1808 2560,1805 2605,1802 2650,1799 2695,1793 2740,1790 2784,1787 2829,1784 2874,1781 2919,1781 3014,1799 3029,1796 3074,1793 3119,1784 3163,1778 3208,1772 3253,1769 3298,1764 3342,1761 3387,1758 3432,1755 3477,1752"/>
                <TextEquiv>
                    <Unicode>Tour machen wir? Ob Italien u. Venedig ist vielleicht</Unicode>
                </TextEquiv>
            </TextLine>
            <TextLine id="line_1676886439129_2998" custom="readingOrder {index:5;} unclear {offset:0; length:2;}">
                <Coords points="480,2074 2853,1874 3492,1853 3492,1903 3402,1912 838,2124 749,2130 659,2133 614,2133 570,2133 525,2130 480,2124"/>
                <Baseline points="480,2119 525,2125 570,2128 614,2128 659,2128 704,2125 749,2125 793,2122 838,2119 883,2110 928,2107 973,2104 1017,2098 1062,2092 1107,2089 1152,2080 1196,2077 1241,2071 1286,2068 1331,2062 1375,2056 1420,2053 1465,2047 1510,2038 1555,2035 1599,2032 1644,2029 1689,2023 1734,2023 1778,2017 1823,2017 1868,2017 1913,2020 1958,2023 2002,2020 2047,2011 2092,2005 2137,1996 2181,1993 2226,1987 2271,1978 2316,1966 2360,1961 2405,1958 2450,1955 2495,1952 2540,1949 2584,1943 2629,1940 2674,1937 2719,1931 2763,1928 2808,1925 2853,1919 3065,1919 3089,1922 3134,1922 3178,1922 3223,1916 3268,1916 3313,1913 3357,1910 3402,1907 3447,1901 3492,1898"/>
                <TextEquiv>
                    <Unicode>noch zu heiß u. hat jetzt zu viel Mosquitos. Übrigens</Unicode>
                </TextEquiv>
            </TextLine>
            <TextLine id="tr_1_tl_12" custom="readingOrder {index:6;}">
                <Coords points="459,2292 489,2289 534,2283 579,2277 623,2271 668,2262 713,2259 758,2253 802,2247 847,2244 892,2238 937,2235 981,2229 1026,2226 1071,2220 1116,2217 1161,2217 1205,2211 1250,2205 1295,2199 1340,2193 1384,2187 1429,2181 1474,2175 1519,2166 1564,2163 1608,2160 1653,2157 1698,2157 1743,2154 1787,2151 1832,2148 1877,2139 1922,2136 1966,2130 2011,2127 2056,2121 2101,2113 2146,2107 2190,2107 2235,2101 2280,2101 2325,2092 2369,2092 2414,2089 2459,2083 2504,2074 2549,2065 2593,2059 2638,2059 2683,2056 2728,2050 2772,2047 2817,2044 2862,2038 2907,2038 2951,2035 2996,2035 3041,2035 3041,2085 2996,2085 2951,2085 2907,2088 2862,2088 2817,2094 2772,2097 2728,2100 2683,2106 2638,2109 2593,2109 2549,2115 2504,2124 2459,2133 2414,2139 2369,2142 2325,2142 2280,2151 2235,2151 2190,2157 2146,2157 2101,2163 2056,2171 2011,2177 1966,2180 1922,2186 1877,2189 1832,2198 1787,2201 1743,2204 1698,2207 1653,2207 1608,2210 1564,2213 1519,2216 1474,2225 1429,2231 1384,2237 1340,2243 1295,2249 1250,2255 1205,2261 1161,2267 1116,2267 1071,2270 1026,2276 981,2279 937,2285 892,2288 847,2294 802,2297 758,2303 713,2309 668,2312 623,2321 579,2327 534,2333 489,2339 459,2342"/>
                <Baseline points="459,2337 489,2334 534,2328 579,2322 623,2316 668,2307 713,2304 758,2298 802,2292 847,2289 892,2283 937,2280 981,2274 1026,2271 1071,2265 1116,2262 1161,2262 1205,2256 1250,2250 1295,2244 1340,2238 1384,2232 1429,2226 1474,2220 1519,2211 1564,2208 1608,2205 1653,2202 1698,2202 1743,2199 1787,2196 1832,2193 1877,2184 1922,2181 1966,2175 2011,2172 2056,2166 2101,2158 2146,2152 2190,2152 2235,2146 2280,2146 2325,2137 2369,2137 2414,2134 2459,2128 2504,2119 2549,2110 2593,2104 2638,2104 2683,2101 2728,2095 2772,2092 2817,2089 2862,2083 2907,2083 2951,2080 2996,2080 3041,2080"/>
                <TextEquiv>
                    <Unicode>ist es mir ziemlich egal, wohin wir fahren.</Unicode>
                </TextEquiv>
            </TextLine>
            <TextLine id="tr_1_tl_13" custom="readingOrder {index:7;} structure {type:paragraph;} closer {offset:0; length:16; continued:true;}">
                <Coords points="1814,2345 1853,2339 1898,2333 1943,2327 1987,2321 2032,2315 2077,2307 2122,2301 2166,2295 2211,2289 2256,2286 2301,2280 2346,2277 2390,2274 2435,2271 2480,2268 2525,2265 2569,2262 2614,2262 2659,2256 2704,2256 2704,2306 2659,2306 2614,2312 2569,2312 2525,2315 2480,2318 2435,2321 2390,2324 2346,2327 2301,2330 2256,2336 2211,2339 2166,2345 2122,2351 2077,2357 2032,2365 1987,2371 1943,2377 1898,2383 1853,2389 1814,2395"/>
                <Baseline points="1814,2390 1853,2384 1898,2378 1943,2372 1987,2366 2032,2360 2077,2352 2122,2346 2166,2340 2211,2334 2256,2331 2301,2325 2346,2322 2390,2319 2435,2316 2480,2313 2525,2310 2569,2307 2614,2307 2659,2301 2704,2301"/>
                <TextEquiv>
                    <Unicode>Auf Wiedersehen,</Unicode>
                </TextEquiv>
            </TextLine>
            <TextLine id="tr_1_tl_14" custom="readingOrder {index:8;} structure {type:paragraph;} closer {offset:0; length:6; continued:true;}">
                <Coords points="2907,2292 2910,2289 2954,2292 2999,2292 3044,2292 3089,2289 3134,2289 3178,2286 3178,2336 3134,2339 3089,2339 3044,2342 2999,2342 2954,2342 2910,2339 2907,2342"/>
                <Baseline points="2907,2337 2910,2334 2954,2337 2999,2337 3044,2337 3089,2334 3134,2334 3178,2331"/>
                <TextEquiv>
                    <Unicode>herzl.</Unicode>
                </TextEquiv>
            </TextLine>
            <TextLine id="tr_1_tl_15" custom="readingOrder {index:9;} structure {type:paragraph;} closer {offset:0; length:7; continued:true;} signed {offset:0; length:7;} letter-end {offset:7; length:0;}">
                <Coords points="3020,2501 3044,2495 3089,2486 3134,2483 3178,2477 3223,2474 3268,2471 3313,2471 3357,2474 3402,2474 3447,2474 3492,2471 3536,2474 3536,2524 3492,2521 3447,2524 3402,2524 3357,2524 3313,2521 3268,2521 3223,2524 3178,2527 3134,2533 3089,2536 3044,2545 3020,2551"/>
                <Baseline points="3020,2546 3044,2540 3089,2531 3134,2528 3178,2522 3223,2519 3268,2516 3313,2516 3357,2519 3402,2519 3447,2519 3492,2516 3536,2519"/>
                <TextEquiv>
                    <Unicode>Salten.</Unicode>
                </TextEquiv>
            </TextLine>
            <TextEquiv>
                <Unicode>Lieber, heute erhielt ich Ihre Karte. Ich möchte von Ischl so fortfahren, 
dass ich gleichzeitig mit Ihnen in Bozen bin. Bitte, sagen Sie mir
also, wann Sie dort sind, - ungefähr wenigstens. Ferner: Ich
müßte am 1. spätestens am 3. September in Wien sein. Endlich: welche
Tour machen wir? Ob Italien u. Venedig ist vielleicht
noch zu heiß u. hat jetzt zu viel Mosquitos. Übrigens
ist es mir ziemlich egal, wohin wir fahren.
Auf Wiedersehen,
herzl.
Salten.</Unicode>
            </TextEquiv>
        </TextRegion>
    </Page>
</PcGts>
