4528 4296
1846 1330 2148 1390 Fir
2272 1334 2601 1394 Salre

911 1744 1645 1804 Lieber,
1669 1752 1754 1812 if
1914 1740 2207 1800 wälle
2354 1743 2673 1803 gewe
2843 1757 3027 1817 eine
3149 1740 3480 1800 habbe
3602 1723 4030 1783 Stunde

858 1996 1135 2056 nit
1345 2007 1720 2067 Ihnen
1841 2010 2725 2070 Gepraefen,
2759 1994 3112 2054 wernn
3310 1996 3411 2056 ich
3565 1975 3676 2035 Sie
3819 1951 4139 2011 Seute

874 2246 1226 2306 nicht
1428 2244 2120 2304 scllsäschr
2269 2234 2578 2294 döre
2833 2198 3451 2258 (acherlei
3621 2180 4155 2240 Prenun¬

891 2456 1572 2516 turziscas,
1601 2455 1772 2515 das
1857 2437 2094 2497 nigf
2227 2443 2436 2503 wohr
2606 2425 3221 2485 beschäfigt
3552 2402 4007 2462 Woen

956 2732 976 2792 Si
1222 2712 1631 2772 mir,
1652 2701 2072 2761 bite,
2102 2678 2471 2738 dogen
2593 2669 3208 2729 Caßo,
3228 2665 3341 2725 ob
3577 2646 3587 2706 i

912 2969 1573 3029 komme
1743 2957 2369 3017 kne.

2965 2919 3826 2979 Herzeasclen

3448 3300 3783 3360 Sallten

504 3390 710 3450 Ini
861 3383 1021 3443 fier
1080 3375 1229 3435 Fin
1311 3357 2104 3417 Undrhntins
2186 3324 2646 3384 Krrnuf.
2680 3309 2945 3369 aber

595 3470 858 3530 odese
1006 3465 1259 3525 dacbe
1417 3439 2364 3499 mest.
2384 3437 2517 3497 eve
