<?xml version="1.0" encoding="UTF-8" standalone="yes"?>
<PcGts xmlns="http://schema.primaresearch.org/PAGE/gts/pagecontent/2013-07-15" xmlns:xsi="http://www.w3.org/2001/XMLSchema-instance" xsi:schemaLocation="http://schema.primaresearch.org/PAGE/gts/pagecontent/2013-07-15 http://schema.primaresearch.org/PAGE/gts/pagecontent/2013-07-15/pagecontent.xsd">
    <Metadata>
        <Creator>Transkribus</Creator>
        <Created>2023-01-18T10:26:12.904+01:00</Created>
        <LastChange>2023-07-06T18:10:03.850+02:00</LastChange>
        <TranskribusMetadata docId="1297600" pageId="51644869" pageNr="158" tsid="129042586" status="IN_PROGRESS" userId="100952" imgUrl="https://files.transkribus.eu/Get?id=CFBEZQBTCSHZTDHOCCNVGKEE&amp;fileType=view" xmlUrl="https://files.transkribus.eu/Get?id=XMGZJDOZGGQEYGWIANRCYFMF" imageId="42229304"/>
    </Metadata>
    <Page imageFilename="MS-SCHNITZLER-B-00089-A-00002-000-00097-R.tif" imageWidth="4739" imageHeight="7074">
        <ReadingOrder>
            <OrderedGroup id="ro_1695210541513" caption="Regions reading order">
                <RegionRefIndexed index="0" regionRef="region_1688456785332_63"/>
                <RegionRefIndexed index="1" regionRef="tr_3"/>
            </OrderedGroup>
        </ReadingOrder>
        <TextRegion type="paragraph" id="region_1688456785332_63" custom="readingOrder {index:0;} structure {type:paragraph;}">
            <Coords points="3127,918 3127,1127 4202,1127 4202,918"/>
            <TextLine id="line_1688456785550_66" custom="readingOrder {index:0;} dateline {offset:0; length:11;} opener {offset:0; length:11;} date {offset:0; length:6;} letter-begin {offset:0; length:0;}">
                <Coords points="3127,918 4202,918 4202,1127 3127,1127"/>
                <TextEquiv>
                    <Unicode>Montag Abds</Unicode>
                </TextEquiv>
            </TextLine>
            <TextEquiv>
                <Unicode>Montag Abds</Unicode>
            </TextEquiv>
        </TextRegion>
        <TextRegion id="tr_3" custom="readingOrder {index:1;}">
            <Coords points="524,1958 4325,1958 4325,6131 524,6131"/>
            <TextLine id="tr_2_tl_1" custom="readingOrder {index:0;} salute {offset:0; length:6;}">
                <Coords points="580,1203 640,1195 700,1191 760,1187 820,1191 880,1187 940,1191 1000,1191 1060,1187 1120,1179 1180,1175 1240,1179 1300,1183 1360,1179 1420,1183 1480,1183 1540,1183 1600,1183 1660,1183 1720,1183 1780,1187 1840,1187 1900,1191 1960,1191 2020,1187 2080,1191 2140,1195 2200,1195 2260,1195 2320,1195 2380,1195 2440,1195 2500,1199 2560,1199 2620,1199 2680,1199 2740,1203 2800,1203 2860,1203 2920,1199 2980,1199 3040,1199 3100,1199 3160,1199 3220,1199 3280,1199 3340,1195 3400,1195 3460,1199 3520,1199 3581,1199 3641,1203 3701,1207 3761,1207 3821,1207 3881,1207 3941,1207 4001,1207 4061,1203 4121,1203 4181,1203 4237,1207 4237,1257 4181,1253 4121,1253 4061,1253 4001,1257 3941,1257 3881,1257 3821,1257 3761,1257 3701,1257 3641,1253 3581,1249 3520,1249 3460,1249 3400,1245 3340,1245 3280,1249 3220,1249 3160,1249 3100,1249 3040,1249 2980,1249 2920,1249 2860,1253 2800,1253 2740,1253 2680,1249 2620,1249 2560,1249 2500,1249 2440,1245 2380,1245 2320,1245 2260,1245 2200,1245 2140,1245 2080,1241 2020,1237 1960,1241 1900,1241 1840,1237 1780,1237 1720,1233 1660,1233 1600,1233 1540,1233 1480,1233 1420,1233 1360,1229 1300,1233 1240,1229 1180,1225 1120,1229 1060,1237 1000,1241 940,1241 880,1237 820,1241 760,1237 700,1241 640,1245 580,1253"/>
                <Baseline points="580,1248 640,1240 700,1236 760,1232 820,1236 880,1232 940,1236 1000,1236 1060,1232 1120,1224 1180,1220 1240,1224 1300,1228 1360,1224 1420,1228 1480,1228 1540,1228 1600,1228 1660,1228 1720,1228 1780,1232 1840,1232 1900,1236 1960,1236 2020,1232 2080,1236 2140,1240 2200,1240 2260,1240 2320,1240 2380,1240 2440,1240 2500,1244 2560,1244 2620,1244 2680,1244 2740,1248 2800,1248 2860,1248 2920,1244 2980,1244 3040,1244 3100,1244 3160,1244 3220,1244 3280,1244 3340,1240 3400,1240 3460,1244 3520,1244 3581,1244 3641,1248 3701,1252 3761,1252 3821,1252 3881,1252 3941,1252 4001,1252 4061,1248 4121,1248 4181,1248 4237,1252"/>
                <TextEquiv>
                    <Unicode>Lieber, wenn ein Werk von einem gutwilligen, unbeeinflußten Hörer seine</Unicode>
                </TextEquiv>
            </TextLine>
            <TextLine id="tr_2_tl_2" custom="readingOrder {index:1;}">
                <Coords points="560,1347 616,1347 676,1347 736,1343 796,1343 856,1343 916,1339 976,1339 1036,1335 1096,1335 1156,1331 1216,1327 1276,1323 1336,1327 1396,1327 1456,1319 1516,1319 1576,1319 1636,1319 1696,1319 1756,1319 1816,1319 1876,1323 1936,1323 1996,1323 2056,1319 2116,1319 2176,1319 2236,1319 2296,1319 2356,1323 2416,1319 2476,1319 2536,1319 2596,1319 2656,1323 2716,1319 2776,1323 2836,1319 2896,1319 2956,1319 3016,1315 3076,1315 3136,1315 3196,1315 3256,1315 3316,1311 3376,1315 3436,1315 3496,1319 3557,1319 3617,1319 3677,1319 3737,1315 3797,1315 3857,1315 3917,1319 3977,1315 4037,1315 4097,1315 4157,1315 4217,1323 4217,1373 4157,1365 4097,1365 4037,1365 3977,1365 3917,1369 3857,1365 3797,1365 3737,1365 3677,1369 3617,1369 3557,1369 3496,1369 3436,1365 3376,1365 3316,1361 3256,1365 3196,1365 3136,1365 3076,1365 3016,1365 2956,1369 2896,1369 2836,1369 2776,1373 2716,1369 2656,1373 2596,1369 2536,1369 2476,1369 2416,1369 2356,1373 2296,1369 2236,1369 2176,1369 2116,1369 2056,1369 1996,1373 1936,1373 1876,1373 1816,1369 1756,1369 1696,1369 1636,1369 1576,1369 1516,1369 1456,1369 1396,1377 1336,1377 1276,1373 1216,1377 1156,1381 1096,1385 1036,1385 976,1389 916,1389 856,1393 796,1393 736,1393 676,1397 616,1397 560,1397"/>
                <Baseline points="560,1392 616,1392 676,1392 736,1388 796,1388 856,1388 916,1384 976,1384 1036,1380 1096,1380 1156,1376 1216,1372 1276,1368 1336,1372 1396,1372 1456,1364 1516,1364 1576,1364 1636,1364 1696,1364 1756,1364 1816,1364 1876,1368 1936,1368 1996,1368 2056,1364 2116,1364 2176,1364 2236,1364 2296,1364 2356,1368 2416,1364 2476,1364 2536,1364 2596,1364 2656,1368 2716,1364 2776,1368 2836,1364 2896,1364 2956,1364 3016,1360 3076,1360 3136,1360 3196,1360 3256,1360 3316,1356 3376,1360 3436,1360 3496,1364 3557,1364 3617,1364 3677,1364 3737,1360 3797,1360 3857,1360 3917,1364 3977,1360 4037,1360 4097,1360 4157,1360 4217,1368"/>
                <TextEquiv>
                    <Unicode>Wirkung verfehlt, dass muß das Werk daran irgendwie schuld sein. So habe</Unicode>
                </TextEquiv>
            </TextLine>
            <TextLine id="tr_2_tl_3" custom="readingOrder {index:2;}">
                <Coords points="556,1467 604,1467 664,1467 724,1471 784,1467 844,1463 904,1463 964,1459 1024,1459 1084,1459 1144,1455 1204,1455 1264,1447 1324,1447 1384,1447 1444,1447 1504,1447 1564,1443 1624,1443 1684,1443 1744,1443 1804,1443 1864,1443 1924,1439 1984,1439 2044,1439 2104,1439 2164,1435 2224,1435 2284,1435 2344,1435 2404,1435 2464,1435 2524,1435 2584,1435 2644,1435 2704,1435 2764,1431 2824,1431 2884,1431 2944,1435 3004,1431 3064,1427 3124,1427 3184,1427 3244,1427 3304,1427 3364,1427 3424,1427 3484,1427 3545,1423 3605,1423 3665,1423 3725,1423 3785,1423 3845,1419 3905,1419 3965,1419 4025,1419 4085,1419 4145,1423 4205,1427 4205,1477 4145,1473 4085,1469 4025,1469 3965,1469 3905,1469 3845,1469 3785,1473 3725,1473 3665,1473 3605,1473 3545,1473 3484,1477 3424,1477 3364,1477 3304,1477 3244,1477 3184,1477 3124,1477 3064,1477 3004,1481 2944,1485 2884,1481 2824,1481 2764,1481 2704,1485 2644,1485 2584,1485 2524,1485 2464,1485 2404,1485 2344,1485 2284,1485 2224,1485 2164,1485 2104,1489 2044,1489 1984,1489 1924,1489 1864,1493 1804,1493 1744,1493 1684,1493 1624,1493 1564,1493 1504,1497 1444,1497 1384,1497 1324,1497 1264,1497 1204,1505 1144,1505 1084,1509 1024,1509 964,1509 904,1513 844,1513 784,1517 724,1521 664,1517 604,1517 556,1517"/>
                <Baseline points="556,1512 604,1512 664,1512 724,1516 784,1512 844,1508 904,1508 964,1504 1024,1504 1084,1504 1144,1500 1204,1500 1264,1492 1324,1492 1384,1492 1444,1492 1504,1492 1564,1488 1624,1488 1684,1488 1744,1488 1804,1488 1864,1488 1924,1484 1984,1484 2044,1484 2104,1484 2164,1480 2224,1480 2284,1480 2344,1480 2404,1480 2464,1480 2524,1480 2584,1480 2644,1480 2704,1480 2764,1476 2824,1476 2884,1476 2944,1480 3004,1476 3064,1472 3124,1472 3184,1472 3244,1472 3304,1472 3364,1472 3424,1472 3484,1472 3545,1468 3605,1468 3665,1468 3725,1468 3785,1468 3845,1464 3905,1464 3965,1464 4025,1464 4085,1464 4145,1468 4205,1472"/>
                <TextEquiv>
                    <Unicode>ich immer gedacht, und so denke ich auch heute. Da ich nun annehme,</Unicode>
                </TextEquiv>
            </TextLine>
            <TextLine id="tr_2_tl_4" custom="readingOrder {index:3;} work {offset:16; length:10;}">
                <Coords points="544,1595 604,1591 664,1591 724,1587 784,1583 844,1583 904,1583 964,1579 1024,1579 1084,1575 1144,1567 1204,1563 1264,1559 1324,1559 1384,1559 1444,1555 1504,1551 1564,1551 1624,1547 1684,1547 1744,1547 1804,1551 1864,1551 1924,1551 1984,1551 2044,1551 2104,1555 2164,1547 2224,1547 2284,1543 2344,1543 2404,1543 2464,1543 2524,1543 2584,1543 2644,1547 2704,1551 2764,1547 2824,1547 2884,1543 2944,1543 3004,1543 3064,1543 3124,1539 3184,1539 3244,1539 3304,1539 3364,1539 3424,1539 3484,1543 3545,1535 3605,1531 3665,1531 3725,1531 3785,1527 3845,1527 3905,1523 3965,1523 4025,1527 4085,1523 4145,1527 4205,1535 4205,1585 4145,1577 4085,1573 4025,1577 3965,1573 3905,1573 3845,1577 3785,1577 3725,1581 3665,1581 3605,1581 3545,1585 3484,1593 3424,1589 3364,1589 3304,1589 3244,1589 3184,1589 3124,1589 3064,1593 3004,1593 2944,1593 2884,1593 2824,1597 2764,1597 2704,1601 2644,1597 2584,1593 2524,1593 2464,1593 2404,1593 2344,1593 2284,1593 2224,1597 2164,1597 2104,1605 2044,1601 1984,1601 1924,1601 1864,1601 1804,1601 1744,1597 1684,1597 1624,1597 1564,1601 1504,1601 1444,1605 1384,1609 1324,1609 1264,1609 1204,1613 1144,1617 1084,1625 1024,1629 964,1629 904,1633 844,1633 784,1633 724,1637 664,1641 604,1641 544,1645"/>
                <Baseline points="544,1640 604,1636 664,1636 724,1632 784,1628 844,1628 904,1628 964,1624 1024,1624 1084,1620 1144,1612 1204,1608 1264,1604 1324,1604 1384,1604 1444,1600 1504,1596 1564,1596 1624,1592 1684,1592 1744,1592 1804,1596 1864,1596 1924,1596 1984,1596 2044,1596 2104,1600 2164,1592 2224,1592 2284,1588 2344,1588 2404,1588 2464,1588 2524,1588 2584,1588 2644,1592 2704,1596 2764,1592 2824,1592 2884,1588 2944,1588 3004,1588 3064,1588 3124,1584 3184,1584 3244,1584 3304,1584 3364,1584 3424,1584 3484,1588 3545,1580 3605,1576 3665,1576 3725,1576 3785,1572 3845,1572 3905,1568 3965,1568 4025,1572 4085,1568 4145,1572 4205,1580"/>
                <TextEquiv>
                    <Unicode>dass Sie meinem Feuilleton ein gutwilliger, unbeeinflußter Leser waren,</Unicode>
                </TextEquiv>
            </TextLine>
            <TextLine id="tr_2_tl_5" custom="readingOrder {index:4;}">
                <Coords points="556,1711 592,1707 652,1703 712,1699 772,1695 832,1695 892,1687 952,1683 1012,1683 1072,1679 1132,1679 1192,1675 1252,1675 1312,1671 1372,1667 1432,1667 1492,1667 1552,1663 1612,1655 1672,1651 1732,1651 1792,1647 1852,1647 1912,1647 1972,1647 2032,1651 2092,1655 2152,1651 2212,1651 2272,1651 2332,1647 2392,1647 2452,1647 2512,1647 2572,1647 2632,1651 2692,1651 2752,1655 2812,1647 2872,1651 2932,1647 2992,1643 3052,1643 3112,1643 3172,1643 3232,1647 3292,1647 3352,1643 3412,1643 3472,1639 3532,1635 3593,1635 3653,1635 3713,1635 3773,1635 3833,1627 3893,1619 3953,1619 4013,1619 4073,1615 4133,1619 4193,1623 4193,1673 4133,1669 4073,1665 4013,1669 3953,1669 3893,1669 3833,1677 3773,1685 3713,1685 3653,1685 3593,1685 3532,1685 3472,1689 3412,1693 3352,1693 3292,1697 3232,1697 3172,1693 3112,1693 3052,1693 2992,1693 2932,1697 2872,1701 2812,1697 2752,1705 2692,1701 2632,1701 2572,1697 2512,1697 2452,1697 2392,1697 2332,1697 2272,1701 2212,1701 2152,1701 2092,1705 2032,1701 1972,1697 1912,1697 1852,1697 1792,1697 1732,1701 1672,1701 1612,1705 1552,1713 1492,1717 1432,1717 1372,1717 1312,1721 1252,1725 1192,1725 1132,1729 1072,1729 1012,1733 952,1733 892,1737 832,1745 772,1745 712,1749 652,1753 592,1757 556,1761"/>
                <Baseline points="556,1756 592,1752 652,1748 712,1744 772,1740 832,1740 892,1732 952,1728 1012,1728 1072,1724 1132,1724 1192,1720 1252,1720 1312,1716 1372,1712 1432,1712 1492,1712 1552,1708 1612,1700 1672,1696 1732,1696 1792,1692 1852,1692 1912,1692 1972,1692 2032,1696 2092,1700 2152,1696 2212,1696 2272,1696 2332,1692 2392,1692 2452,1692 2512,1692 2572,1692 2632,1696 2692,1696 2752,1700 2812,1692 2872,1696 2932,1692 2992,1688 3052,1688 3112,1688 3172,1688 3232,1692 3292,1692 3352,1688 3412,1688 3472,1684 3532,1680 3593,1680 3653,1680 3713,1680 3773,1680 3833,1672 3893,1664 3953,1664 4013,1664 4073,1660 4133,1664 4193,1668"/>
                <TextEquiv>
                    <Unicode>so ist einfach mein Feuilleton mißlungen. Es kann offenbar nicht</Unicode>
                </TextEquiv>
            </TextLine>
            <TextLine id="tr_2_tl_6" custom="readingOrder {index:5;}">
                <Coords points="552,1823 564,1823 624,1815 684,1811 744,1807 804,1803 864,1799 924,1795 984,1791 1044,1791 1104,1783 1164,1783 1164,1833 1104,1833 1044,1841 984,1841 924,1845 864,1849 804,1853 744,1857 684,1861 624,1865 564,1873 552,1873"/>
                <Baseline points="552,1868 564,1868 624,1860 684,1856 744,1852 804,1848 864,1844 924,1840 984,1836 1044,1836 1104,1828 1164,1828"/>
                <TextEquiv>
                    <Unicode>anders sein.</Unicode>
                </TextEquiv>
            </TextLine>
            <TextLine id="tr_2_tl_7" custom="readingOrder {index:6;}">
                <Coords points="552,1939 556,1939 616,1931 676,1923 736,1923 796,1915 856,1911 916,1907 976,1903 1036,1899 1096,1895 1156,1891 1216,1891 1276,1887 1336,1883 1396,1879 1456,1879 1516,1879 1576,1875 1636,1875 1696,1875 1756,1879 1816,1875 1876,1875 1936,1875 1996,1875 2056,1875 2116,1871 2176,1871 2236,1867 2296,1867 2356,1867 2416,1867 2476,1867 2536,1867 2596,1867 2656,1871 2716,1875 2776,1875 2836,1879 2896,1871 2956,1867 3016,1863 3076,1863 3136,1863 3196,1863 3256,1863 3316,1863 3376,1863 3436,1863 3496,1867 3557,1867 3617,1871 3677,1871 3737,1867 3797,1867 3857,1867 3917,1871 3977,1867 4037,1867 4097,1871 4157,1867 4217,1867 4217,1917 4157,1917 4097,1921 4037,1917 3977,1917 3917,1921 3857,1917 3797,1917 3737,1917 3677,1921 3617,1921 3557,1917 3496,1917 3436,1913 3376,1913 3316,1913 3256,1913 3196,1913 3136,1913 3076,1913 3016,1913 2956,1917 2896,1921 2836,1929 2776,1925 2716,1925 2656,1921 2596,1917 2536,1917 2476,1917 2416,1917 2356,1917 2296,1917 2236,1917 2176,1921 2116,1921 2056,1925 1996,1925 1936,1925 1876,1925 1816,1925 1756,1929 1696,1925 1636,1925 1576,1925 1516,1929 1456,1929 1396,1929 1336,1933 1276,1937 1216,1941 1156,1941 1096,1945 1036,1949 976,1953 916,1957 856,1961 796,1965 736,1973 676,1973 616,1981 556,1989 552,1989"/>
                <Baseline points="552,1984 556,1984 616,1976 676,1968 736,1968 796,1960 856,1956 916,1952 976,1948 1036,1944 1096,1940 1156,1936 1216,1936 1276,1932 1336,1928 1396,1924 1456,1924 1516,1924 1576,1920 1636,1920 1696,1920 1756,1924 1816,1920 1876,1920 1936,1920 1996,1920 2056,1920 2116,1916 2176,1916 2236,1912 2296,1912 2356,1912 2416,1912 2476,1912 2536,1912 2596,1912 2656,1916 2716,1920 2776,1920 2836,1924 2896,1916 2956,1912 3016,1908 3076,1908 3136,1908 3196,1908 3256,1908 3316,1908 3376,1908 3436,1908 3496,1912 3557,1912 3617,1916 3677,1916 3737,1912 3797,1912 3857,1912 3917,1916 3977,1912 4037,1912 4097,1916 4157,1912 4217,1912"/>
                <TextEquiv>
                    <Unicode>Das Entscheidende ist mir: Sie fühlen sich verletzt, und: Sie haben durch mein</Unicode>
                </TextEquiv>
            </TextLine>
            <TextLine id="tr_3_tl_1" custom="readingOrder {index:7;} work {offset:0; length:17;}">
                <Coords points="528,2059 572,2051 632,2043 692,2039 752,2031 812,2027 872,2023 932,2019 992,2015 1052,2011 1112,2007 1172,2003 1232,2003 1292,2003 1352,2003 1412,2003 1472,1995 1532,1995 1592,1995 1652,1991 1712,1987 1772,1987 1832,1987 1892,1987 1952,1987 2012,1983 2072,1983 2132,1979 2192,1979 2252,1979 2312,1975 2372,1975 2432,1975 2492,1975 2552,1975 2612,1975 2672,1987 2732,1983 2792,1983 2852,1979 2912,1979 2972,1975 3032,1975 3092,1971 3152,1967 3212,1967 3272,1963 3332,1967 3392,1967 3452,1963 3512,1967 3573,1967 3633,1967 3693,1967 3753,1967 3813,1963 3873,1967 3933,1963 3993,1963 4053,1963 4113,1963 4173,1963 4233,1967 4233,2017 4173,2013 4113,2013 4053,2013 3993,2013 3933,2013 3873,2017 3813,2013 3753,2017 3693,2017 3633,2017 3573,2017 3512,2017 3452,2013 3392,2017 3332,2017 3272,2013 3212,2017 3152,2017 3092,2021 3032,2025 2972,2025 2912,2029 2852,2029 2792,2033 2732,2033 2672,2037 2612,2025 2552,2025 2492,2025 2432,2025 2372,2025 2312,2025 2252,2029 2192,2029 2132,2029 2072,2033 2012,2033 1952,2037 1892,2037 1832,2037 1772,2037 1712,2037 1652,2041 1592,2045 1532,2045 1472,2045 1412,2053 1352,2053 1292,2053 1232,2053 1172,2053 1112,2057 1052,2061 992,2065 932,2069 872,2073 812,2077 752,2081 692,2089 632,2093 572,2101 528,2109"/>
                <Baseline points="528,2104 572,2096 632,2088 692,2084 752,2076 812,2072 872,2068 932,2064 992,2060 1052,2056 1112,2052 1172,2048 1232,2048 1292,2048 1352,2048 1412,2048 1472,2040 1532,2040 1592,2040 1652,2036 1712,2032 1772,2032 1832,2032 1892,2032 1952,2032 2012,2028 2072,2028 2132,2024 2192,2024 2252,2024 2312,2020 2372,2020 2432,2020 2492,2020 2552,2020 2612,2020 2672,2032 2732,2028 2792,2028 2852,2024 2912,2024 2972,2020 3032,2020 3092,2016 3152,2012 3212,2012 3272,2008 3332,2012 3392,2012 3452,2008 3512,2012 3573,2012 3633,2012 3693,2012 3753,2012 3813,2008 3873,2012 3933,2008 3993,2008 4053,2008 4113,2008 4173,2008 4233,2012"/>
                <TextEquiv>
                    <Unicode>Reigen-Feuilleton eine bittere Stunde gehabt. Ich werde in meiner Antwort,</Unicode>
                </TextEquiv>
            </TextLine>
            <TextLine id="tr_3_tl_2" custom="readingOrder {index:8;}">
                <Coords points="524,2167 580,2163 640,2155 700,2151 760,2143 820,2139 880,2131 940,2127 1000,2123 1060,2123 1120,2115 1180,2111 1240,2107 1300,2107 1360,2099 1420,2099 1480,2099 1540,2103 1600,2103 1660,2099 1720,2095 1780,2091 1840,2091 1900,2091 1960,2091 2020,2091 2080,2091 2140,2087 2200,2083 2260,2083 2320,2083 2380,2083 2440,2083 2500,2083 2560,2079 2620,2079 2680,2079 2740,2079 2800,2079 2860,2083 2920,2079 2980,2075 3040,2071 3100,2071 3160,2067 3220,2067 3280,2063 3340,2063 3400,2063 3460,2059 3520,2063 3581,2063 3641,2063 3701,2059 3761,2055 3821,2055 3881,2059 3941,2055 4001,2055 4061,2055 4121,2051 4181,2055 4181,2105 4121,2101 4061,2105 4001,2105 3941,2105 3881,2109 3821,2105 3761,2105 3701,2109 3641,2113 3581,2113 3520,2113 3460,2109 3400,2113 3340,2113 3280,2113 3220,2117 3160,2117 3100,2121 3040,2121 2980,2125 2920,2129 2860,2133 2800,2129 2740,2129 2680,2129 2620,2129 2560,2129 2500,2133 2440,2133 2380,2133 2320,2133 2260,2133 2200,2133 2140,2137 2080,2141 2020,2141 1960,2141 1900,2141 1840,2141 1780,2141 1720,2145 1660,2149 1600,2153 1540,2153 1480,2149 1420,2149 1360,2149 1300,2157 1240,2157 1180,2161 1120,2165 1060,2173 1000,2173 940,2177 880,2181 820,2189 760,2193 700,2201 640,2205 580,2213 524,2217"/>
                <Baseline points="524,2212 580,2208 640,2200 700,2196 760,2188 820,2184 880,2176 940,2172 1000,2168 1060,2168 1120,2160 1180,2156 1240,2152 1300,2152 1360,2144 1420,2144 1480,2144 1540,2148 1600,2148 1660,2144 1720,2140 1780,2136 1840,2136 1900,2136 1960,2136 2020,2136 2080,2136 2140,2132 2200,2128 2260,2128 2320,2128 2380,2128 2440,2128 2500,2128 2560,2124 2620,2124 2680,2124 2740,2124 2800,2124 2860,2128 2920,2124 2980,2120 3040,2116 3100,2116 3160,2112 3220,2112 3280,2108 3340,2108 3400,2108 3460,2104 3520,2108 3581,2108 3641,2108 3701,2104 3761,2100 3821,2100 3881,2104 3941,2100 4001,2100 4061,2100 4121,2096 4181,2100"/>
                <TextEquiv>
                    <Unicode>(die Sie doch erwarten?) auf nichts anderes Bedacht nehmen, als auf diese</Unicode>
                </TextEquiv>
            </TextLine>
            <TextLine id="tr_3_tl_3" custom="readingOrder {index:9;}">
                <Coords points="536,2275 544,2275 604,2263 664,2259 724,2251 784,2247 844,2243 904,2239 964,2231 1024,2227 1084,2223 1144,2223 1204,2219 1264,2215 1324,2211 1384,2207 1444,2203 1504,2207 1564,2207 1624,2203 1684,2203 1744,2203 1804,2199 1864,2199 1924,2199 1984,2199 2044,2195 2104,2195 2164,2195 2224,2195 2284,2187 2344,2187 2404,2187 2464,2187 2524,2187 2584,2187 2644,2187 2704,2183 2764,2179 2824,2179 2884,2179 2944,2179 3004,2175 3064,2171 3124,2171 3184,2175 3244,2175 3304,2171 3364,2171 3424,2175 3484,2171 3545,2171 3605,2171 3665,2171 3725,2171 3785,2167 3845,2163 3905,2159 3965,2163 4025,2159 4085,2159 4145,2155 4205,2155 4265,2163 4265,2213 4205,2205 4145,2205 4085,2209 4025,2209 3965,2213 3905,2209 3845,2213 3785,2217 3725,2221 3665,2221 3605,2221 3545,2221 3484,2221 3424,2225 3364,2221 3304,2221 3244,2225 3184,2225 3124,2221 3064,2221 3004,2225 2944,2229 2884,2229 2824,2229 2764,2229 2704,2233 2644,2237 2584,2237 2524,2237 2464,2237 2404,2237 2344,2237 2284,2237 2224,2245 2164,2245 2104,2245 2044,2245 1984,2249 1924,2249 1864,2249 1804,2249 1744,2253 1684,2253 1624,2253 1564,2257 1504,2257 1444,2253 1384,2257 1324,2261 1264,2265 1204,2269 1144,2273 1084,2273 1024,2277 964,2281 904,2289 844,2293 784,2297 724,2301 664,2309 604,2313 544,2325 536,2325"/>
                <Baseline points="536,2320 544,2320 604,2308 664,2304 724,2296 784,2292 844,2288 904,2284 964,2276 1024,2272 1084,2268 1144,2268 1204,2264 1264,2260 1324,2256 1384,2252 1444,2248 1504,2252 1564,2252 1624,2248 1684,2248 1744,2248 1804,2244 1864,2244 1924,2244 1984,2244 2044,2240 2104,2240 2164,2240 2224,2240 2284,2232 2344,2232 2404,2232 2464,2232 2524,2232 2584,2232 2644,2232 2704,2228 2764,2224 2824,2224 2884,2224 2944,2224 3004,2220 3064,2216 3124,2216 3184,2220 3244,2220 3304,2216 3364,2216 3424,2220 3484,2216 3545,2216 3605,2216 3665,2216 3725,2216 3785,2212 3845,2208 3905,2204 3965,2208 4025,2204 4085,2204 4145,2200 4205,2200 4265,2208"/>
                <TextEquiv>
                    <Unicode>beiden Umstände. Denn es war nicht meine Absicht, Sie zu verletzen,</Unicode>
                </TextEquiv>
            </TextLine>
            <TextLine id="tr_3_tl_4" custom="readingOrder {index:10;}">
                <Coords points="540,2383 568,2383 628,2371 688,2363 748,2359 808,2355 868,2351 928,2347 988,2343 1048,2339 1108,2331 1168,2327 1228,2323 1288,2319 1348,2319 1408,2319 1468,2319 1528,2315 1588,2315 1648,2311 1708,2307 1768,2307 1828,2307 1888,2303 1948,2303 2008,2307 2068,2303 2128,2299 2188,2299 2248,2295 2308,2295 2368,2291 2428,2291 2488,2287 2548,2287 2608,2287 2668,2283 2728,2283 2788,2283 2848,2279 2908,2279 2968,2279 3028,2275 3088,2279 3148,2279 3208,2283 3268,2283 3328,2283 3388,2279 3448,2279 3508,2279 3569,2279 3629,2279 3689,2279 3749,2275 3809,2275 3869,2271 3929,2267 3989,2267 4049,2263 4109,2259 4169,2263 4169,2313 4109,2309 4049,2313 3989,2317 3929,2317 3869,2321 3809,2325 3749,2325 3689,2329 3629,2329 3569,2329 3508,2329 3448,2329 3388,2329 3328,2333 3268,2333 3208,2333 3148,2329 3088,2329 3028,2325 2968,2329 2908,2329 2848,2329 2788,2333 2728,2333 2668,2333 2608,2337 2548,2337 2488,2337 2428,2341 2368,2341 2308,2345 2248,2345 2188,2349 2128,2349 2068,2353 2008,2357 1948,2353 1888,2353 1828,2357 1768,2357 1708,2357 1648,2361 1588,2365 1528,2365 1468,2369 1408,2369 1348,2369 1288,2369 1228,2373 1168,2377 1108,2381 1048,2389 988,2393 928,2397 868,2401 808,2405 748,2409 688,2413 628,2421 568,2433 540,2433"/>
                <Baseline points="540,2428 568,2428 628,2416 688,2408 748,2404 808,2400 868,2396 928,2392 988,2388 1048,2384 1108,2376 1168,2372 1228,2368 1288,2364 1348,2364 1408,2364 1468,2364 1528,2360 1588,2360 1648,2356 1708,2352 1768,2352 1828,2352 1888,2348 1948,2348 2008,2352 2068,2348 2128,2344 2188,2344 2248,2340 2308,2340 2368,2336 2428,2336 2488,2332 2548,2332 2608,2332 2668,2328 2728,2328 2788,2328 2848,2324 2908,2324 2968,2324 3028,2320 3088,2324 3148,2324 3208,2328 3268,2328 3328,2328 3388,2324 3448,2324 3508,2324 3569,2324 3629,2324 3689,2324 3749,2320 3809,2320 3869,2316 3929,2312 3989,2312 4049,2308 4109,2304 4169,2308"/>
                <TextEquiv>
                    <Unicode>und das Feuill. wurde nicht geschrieben, um die Stunde, in der Sie es</Unicode>
                </TextEquiv>
            </TextLine>
            <TextLine id="tr_3_tl_5" custom="readingOrder {index:11;}">
                <Coords points="552,2487 608,2483 668,2475 728,2471 788,2467 848,2467 908,2463 968,2459 1028,2455 1088,2447 1148,2443 1208,2443 1268,2439 1328,2439 1388,2431 1448,2427 1508,2427 1568,2423 1628,2423 1688,2419 1748,2419 1808,2423 1868,2419 1928,2419 1988,2415 2048,2411 2108,2407 2168,2407 2228,2403 2288,2399 2348,2399 2408,2395 2468,2395 2528,2391 2588,2391 2648,2391 2708,2395 2768,2395 2828,2391 2888,2387 2948,2387 3008,2383 3068,2387 3128,2387 3188,2387 3248,2387 3308,2383 3368,2383 3428,2383 3488,2379 3549,2379 3609,2383 3669,2383 3729,2379 3789,2379 3849,2379 3909,2375 3969,2371 4029,2371 4089,2367 4149,2363 4209,2359 4269,2355 4269,2405 4209,2409 4149,2413 4089,2417 4029,2421 3969,2421 3909,2425 3849,2429 3789,2429 3729,2429 3669,2433 3609,2433 3549,2429 3488,2429 3428,2433 3368,2433 3308,2433 3248,2437 3188,2437 3128,2437 3068,2437 3008,2433 2948,2437 2888,2437 2828,2441 2768,2445 2708,2445 2648,2441 2588,2441 2528,2441 2468,2445 2408,2445 2348,2449 2288,2449 2228,2453 2168,2457 2108,2457 2048,2461 1988,2465 1928,2469 1868,2469 1808,2473 1748,2469 1688,2469 1628,2473 1568,2473 1508,2477 1448,2477 1388,2481 1328,2489 1268,2489 1208,2493 1148,2493 1088,2497 1028,2505 968,2509 908,2513 848,2517 788,2517 728,2521 668,2525 608,2533 552,2537"/>
                <Baseline points="552,2532 608,2528 668,2520 728,2516 788,2512 848,2512 908,2508 968,2504 1028,2500 1088,2492 1148,2488 1208,2488 1268,2484 1328,2484 1388,2476 1448,2472 1508,2472 1568,2468 1628,2468 1688,2464 1748,2464 1808,2468 1868,2464 1928,2464 1988,2460 2048,2456 2108,2452 2168,2452 2228,2448 2288,2444 2348,2444 2408,2440 2468,2440 2528,2436 2588,2436 2648,2436 2708,2440 2768,2440 2828,2436 2888,2432 2948,2432 3008,2428 3068,2432 3128,2432 3188,2432 3248,2432 3308,2428 3368,2428 3428,2428 3488,2424 3549,2424 3609,2428 3669,2428 3729,2424 3789,2424 3849,2424 3909,2420 3969,2416 4029,2416 4089,2412 4149,2408 4209,2404 4269,2400"/>
                <TextEquiv>
                    <Unicode>lesen, zu einer bitteren zu machen. Ganz im Gegentheil, wie Sie mir</Unicode>
                </TextEquiv>
            </TextLine>
            <TextLine id="tr_3_tl_6" custom="readingOrder {index:12;}">
                <Coords points="540,2607 584,2599 644,2599 704,2595 764,2591 824,2583 884,2579 944,2575 1004,2571 1064,2571 1124,2567 1184,2567 1244,2567 1304,2563 1364,2559 1424,2555 1484,2551 1544,2547 1604,2543 1604,2593 1544,2597 1484,2601 1424,2605 1364,2609 1304,2613 1244,2617 1184,2617 1124,2617 1064,2621 1004,2621 944,2625 884,2629 824,2633 764,2641 704,2645 644,2649 584,2649 540,2657"/>
                <Baseline points="540,2652 584,2644 644,2644 704,2640 764,2636 824,2628 884,2624 944,2620 1004,2616 1064,2616 1124,2612 1184,2612 1244,2612 1304,2608 1364,2604 1424,2600 1484,2596 1544,2592 1604,2588"/>
                <TextEquiv>
                    <Unicode>hoffentlich glauben.</Unicode>
                </TextEquiv>
            </TextLine>
            <TextLine id="tr_3_tl_7" custom="readingOrder {index:13;}">
                <Coords points="552,2711 588,2707 648,2707 708,2699 768,2699 828,2695 888,2691 948,2687 1008,2683 1068,2679 1128,2679 1188,2671 1248,2671 1308,2667 1368,2667 1428,2663 1488,2659 1548,2651 1608,2651 1668,2651 1728,2655 1788,2655 1848,2655 1908,2659 1968,2659 2028,2659 2088,2655 2148,2655 2208,2655 2268,2651 2328,2651 2388,2651 2448,2647 2508,2647 2568,2647 2628,2643 2688,2643 2748,2643 2808,2643 2868,2643 2928,2643 2988,2643 3048,2639 3108,2639 3168,2635 3228,2635 3288,2631 3348,2631 3408,2631 3468,2631 3528,2631 3589,2631 3649,2631 3709,2635 3769,2631 3829,2631 3889,2631 3949,2627 4009,2627 4069,2623 4129,2619 4189,2619 4189,2669 4129,2669 4069,2673 4009,2677 3949,2677 3889,2681 3829,2681 3769,2681 3709,2685 3649,2681 3589,2681 3528,2681 3468,2681 3408,2681 3348,2681 3288,2681 3228,2685 3168,2685 3108,2689 3048,2689 2988,2693 2928,2693 2868,2693 2808,2693 2748,2693 2688,2693 2628,2693 2568,2697 2508,2697 2448,2697 2388,2701 2328,2701 2268,2701 2208,2705 2148,2705 2088,2705 2028,2709 1968,2709 1908,2709 1848,2705 1788,2705 1728,2705 1668,2701 1608,2701 1548,2701 1488,2709 1428,2713 1368,2717 1308,2717 1248,2721 1188,2721 1128,2729 1068,2729 1008,2733 948,2737 888,2741 828,2745 768,2749 708,2749 648,2757 588,2757 552,2761"/>
                <Baseline points="552,2756 588,2752 648,2752 708,2744 768,2744 828,2740 888,2736 948,2732 1008,2728 1068,2724 1128,2724 1188,2716 1248,2716 1308,2712 1368,2712 1428,2708 1488,2704 1548,2696 1608,2696 1668,2696 1728,2700 1788,2700 1848,2700 1908,2704 1968,2704 2028,2704 2088,2700 2148,2700 2208,2700 2268,2696 2328,2696 2388,2696 2448,2692 2508,2692 2568,2692 2628,2688 2688,2688 2748,2688 2808,2688 2868,2688 2928,2688 2988,2688 3048,2684 3108,2684 3168,2680 3228,2680 3288,2676 3348,2676 3408,2676 3468,2676 3528,2676 3589,2676 3649,2676 3709,2680 3769,2676 3829,2676 3889,2676 3949,2672 4009,2672 4069,2668 4129,2664 4189,2664"/>
                <TextEquiv>
                    <Unicode>Wenn meine Arbeit trotzdem auf Sie gewirkt hat, dann ist eben »das« nicht</Unicode>
                </TextEquiv>
            </TextLine>
            <TextLine id="tr_3_tl_8" custom="readingOrder {index:14;} date {offset:63; length:7;}">
                <Coords points="556,2835 572,2831 632,2823 692,2819 752,2815 812,2811 872,2807 932,2803 992,2799 1052,2795 1112,2791 1172,2787 1232,2783 1292,2779 1352,2779 1412,2775 1472,2771 1532,2767 1592,2767 1652,2763 1712,2763 1772,2763 1832,2763 1892,2763 1952,2763 2012,2763 2072,2759 2132,2759 2192,2755 2252,2755 2312,2755 2372,2755 2432,2755 2492,2751 2552,2747 2612,2743 2672,2743 2732,2739 2792,2743 2852,2743 2912,2739 2972,2735 3032,2735 3092,2735 3152,2731 3212,2731 3272,2731 3332,2731 3392,2731 3452,2731 3512,2731 3573,2731 3633,2731 3693,2727 3753,2731 3813,2731 3873,2731 3933,2727 3993,2723 4053,2727 4113,2727 4173,2723 4233,2727 4293,2735 4293,2785 4233,2777 4173,2773 4113,2777 4053,2777 3993,2773 3933,2777 3873,2781 3813,2781 3753,2781 3693,2777 3633,2781 3573,2781 3512,2781 3452,2781 3392,2781 3332,2781 3272,2781 3212,2781 3152,2781 3092,2785 3032,2785 2972,2785 2912,2789 2852,2793 2792,2793 2732,2789 2672,2793 2612,2793 2552,2797 2492,2801 2432,2805 2372,2805 2312,2805 2252,2805 2192,2805 2132,2809 2072,2809 2012,2813 1952,2813 1892,2813 1832,2813 1772,2813 1712,2813 1652,2813 1592,2817 1532,2817 1472,2821 1412,2825 1352,2829 1292,2829 1232,2833 1172,2837 1112,2841 1052,2845 992,2849 932,2853 872,2857 812,2861 752,2865 692,2869 632,2873 572,2881 556,2885"/>
                <Baseline points="556,2880 572,2876 632,2868 692,2864 752,2860 812,2856 872,2852 932,2848 992,2844 1052,2840 1112,2836 1172,2832 1232,2828 1292,2824 1352,2824 1412,2820 1472,2816 1532,2812 1592,2812 1652,2808 1712,2808 1772,2808 1832,2808 1892,2808 1952,2808 2012,2808 2072,2804 2132,2804 2192,2800 2252,2800 2312,2800 2372,2800 2432,2800 2492,2796 2552,2792 2612,2788 2672,2788 2732,2784 2792,2788 2852,2788 2912,2784 2972,2780 3032,2780 3092,2780 3152,2776 3212,2776 3272,2776 3332,2776 3392,2776 3452,2776 3512,2776 3573,2776 3633,2776 3693,2772 3753,2776 3813,2776 3873,2776 3933,2772 3993,2768 4053,2772 4113,2772 4173,2768 4233,2772 4293,2780"/>
                <TextEquiv>
                    <Unicode>herausgekommen, was ich herausbringen wollte. Nachdem ich seit gestern diese</Unicode>
                </TextEquiv>
            </TextLine>
            <TextLine id="tr_3_tl_9" custom="readingOrder {index:15;}">
                <Coords points="548,2943 584,2939 644,2935 704,2931 764,2923 824,2919 884,2915 944,2907 1004,2903 1064,2899 1124,2891 1184,2887 1244,2887 1304,2883 1364,2879 1424,2875 1484,2871 1544,2871 1604,2871 1664,2871 1724,2871 1784,2867 1844,2867 1904,2867 1964,2863 2024,2863 2084,2859 2144,2855 2204,2851 2264,2851 2324,2851 2384,2851 2444,2847 2504,2847 2564,2847 2624,2839 2684,2839 2744,2839 2804,2843 2864,2843 2924,2843 2984,2843 3044,2843 3104,2843 3164,2843 3224,2843 3284,2839 3344,2839 3404,2839 3464,2839 3524,2839 3585,2835 3645,2835 3705,2835 3765,2835 3825,2835 3885,2835 3945,2827 4005,2827 4065,2827 4125,2827 4185,2831 4245,2835 4245,2885 4185,2881 4125,2877 4065,2877 4005,2877 3945,2877 3885,2885 3825,2885 3765,2885 3705,2885 3645,2885 3585,2885 3524,2889 3464,2889 3404,2889 3344,2889 3284,2889 3224,2893 3164,2893 3104,2893 3044,2893 2984,2893 2924,2893 2864,2893 2804,2893 2744,2889 2684,2889 2624,2889 2564,2897 2504,2897 2444,2897 2384,2901 2324,2901 2264,2901 2204,2901 2144,2905 2084,2909 2024,2913 1964,2913 1904,2917 1844,2917 1784,2917 1724,2921 1664,2921 1604,2921 1544,2921 1484,2921 1424,2925 1364,2929 1304,2933 1244,2937 1184,2937 1124,2941 1064,2949 1004,2953 944,2957 884,2965 824,2969 764,2973 704,2981 644,2985 584,2989 548,2993"/>
                <Baseline points="548,2988 584,2984 644,2980 704,2976 764,2968 824,2964 884,2960 944,2952 1004,2948 1064,2944 1124,2936 1184,2932 1244,2932 1304,2928 1364,2924 1424,2920 1484,2916 1544,2916 1604,2916 1664,2916 1724,2916 1784,2912 1844,2912 1904,2912 1964,2908 2024,2908 2084,2904 2144,2900 2204,2896 2264,2896 2324,2896 2384,2896 2444,2892 2504,2892 2564,2892 2624,2884 2684,2884 2744,2884 2804,2888 2864,2888 2924,2888 2984,2888 3044,2888 3104,2888 3164,2888 3224,2888 3284,2884 3344,2884 3404,2884 3464,2884 3524,2884 3585,2880 3645,2880 3705,2880 3765,2880 3825,2880 3885,2880 3945,2872 4005,2872 4065,2872 4125,2872 4185,2876 4245,2880"/>
                <TextEquiv>
                    <Unicode>Sache ernsthaft überlegt habe, nachdem ich alle Empfindlichkeiten, die sich</Unicode>
                </TextEquiv>
            </TextLine>
            <TextLine id="tr_3_tl_10" custom="readingOrder {index:16;}">
                <Coords points="556,3051 604,3047 664,3043 724,3039 784,3035 844,3031 904,3023 964,3019 1024,3011 1084,3007 1144,3007 1204,3007 1264,2999 1324,2995 1384,2991 1444,2987 1504,2983 1564,2983 1624,2979 1684,2975 1744,2971 1804,2971 1864,2971 1924,2967 1984,2963 2044,2963 2104,2959 2164,2955 2224,2955 2284,2951 2344,2951 2404,2951 2464,2947 2524,2943 2584,2939 2644,2939 2704,2939 2764,2939 2824,2947 2884,2947 2944,2947 3004,2947 3064,2947 3124,2943 3184,2943 3244,2943 3304,2947 3364,2943 3424,2943 3484,2943 3545,2943 3605,2943 3665,2947 3725,2943 3785,2943 3845,2939 3905,2935 3965,2935 4025,2931 4085,2931 4145,2931 4205,2931 4205,2981 4145,2981 4085,2981 4025,2981 3965,2985 3905,2985 3845,2989 3785,2993 3725,2993 3665,2997 3605,2993 3545,2993 3484,2993 3424,2993 3364,2993 3304,2997 3244,2993 3184,2993 3124,2993 3064,2997 3004,2997 2944,2997 2884,2997 2824,2997 2764,2989 2704,2989 2644,2989 2584,2989 2524,2993 2464,2997 2404,3001 2344,3001 2284,3001 2224,3005 2164,3005 2104,3009 2044,3013 1984,3013 1924,3017 1864,3021 1804,3021 1744,3021 1684,3025 1624,3029 1564,3033 1504,3033 1444,3037 1384,3041 1324,3045 1264,3049 1204,3057 1144,3057 1084,3057 1024,3061 964,3069 904,3073 844,3081 784,3085 724,3089 664,3093 604,3097 556,3101"/>
                <Baseline points="556,3096 604,3092 664,3088 724,3084 784,3080 844,3076 904,3068 964,3064 1024,3056 1084,3052 1144,3052 1204,3052 1264,3044 1324,3040 1384,3036 1444,3032 1504,3028 1564,3028 1624,3024 1684,3020 1744,3016 1804,3016 1864,3016 1924,3012 1984,3008 2044,3008 2104,3004 2164,3000 2224,3000 2284,2996 2344,2996 2404,2996 2464,2992 2524,2988 2584,2984 2644,2984 2704,2984 2764,2984 2824,2992 2884,2992 2944,2992 3004,2992 3064,2992 3124,2988 3184,2988 3244,2988 3304,2992 3364,2988 3424,2988 3484,2988 3545,2988 3605,2988 3665,2992 3725,2988 3785,2988 3845,2984 3905,2980 3965,2980 4025,2976 4085,2976 4145,2976 4205,2976"/>
                <TextEquiv>
                    <Unicode>regen wollten, und alle sonstigen Unterstimmen zum Schweigen gebracht habe,</Unicode>
                </TextEquiv>
            </TextLine>
            <TextLine id="tr_3_tl_11" custom="readingOrder {index:17;}">
                <Coords points="548,3163 560,3163 620,3159 680,3155 740,3151 800,3147 860,3143 920,3147 980,3143 1040,3135 1100,3127 1160,3119 1220,3115 1280,3115 1340,3111 1400,3107 1460,3103 1520,3099 1580,3095 1640,3091 1700,3087 1760,3083 1820,3083 1880,3079 1940,3075 2000,3067 2060,3067 2120,3063 2180,3059 2240,3059 2300,3051 2360,3051 2420,3051 2480,3047 2540,3047 2600,3047 2660,3043 2720,3043 2780,3043 2840,3043 2900,3043 2960,3043 3020,3043 3080,3043 3140,3043 3200,3043 3260,3039 3320,3039 3380,3039 3440,3039 3500,3035 3561,3035 3621,3035 3681,3035 3741,3031 3801,3031 3861,3027 3921,3027 3981,3027 4041,3027 4101,3023 4161,3023 4221,3023 4221,3073 4161,3073 4101,3073 4041,3077 3981,3077 3921,3077 3861,3077 3801,3081 3741,3081 3681,3085 3621,3085 3561,3085 3500,3085 3440,3089 3380,3089 3320,3089 3260,3089 3200,3093 3140,3093 3080,3093 3020,3093 2960,3093 2900,3093 2840,3093 2780,3093 2720,3093 2660,3093 2600,3097 2540,3097 2480,3097 2420,3101 2360,3101 2300,3101 2240,3109 2180,3109 2120,3113 2060,3117 2000,3117 1940,3125 1880,3129 1820,3133 1760,3133 1700,3137 1640,3141 1580,3145 1520,3149 1460,3153 1400,3157 1340,3161 1280,3165 1220,3165 1160,3169 1100,3177 1040,3185 980,3193 920,3197 860,3193 800,3197 740,3201 680,3205 620,3209 560,3213 548,3213"/>
                <Baseline points="548,3208 560,3208 620,3204 680,3200 740,3196 800,3192 860,3188 920,3192 980,3188 1040,3180 1100,3172 1160,3164 1220,3160 1280,3160 1340,3156 1400,3152 1460,3148 1520,3144 1580,3140 1640,3136 1700,3132 1760,3128 1820,3128 1880,3124 1940,3120 2000,3112 2060,3112 2120,3108 2180,3104 2240,3104 2300,3096 2360,3096 2420,3096 2480,3092 2540,3092 2600,3092 2660,3088 2720,3088 2780,3088 2840,3088 2900,3088 2960,3088 3020,3088 3080,3088 3140,3088 3200,3088 3260,3084 3320,3084 3380,3084 3440,3084 3500,3080 3561,3080 3621,3080 3681,3080 3741,3076 3801,3076 3861,3072 3921,3072 3981,3072 4041,3072 4101,3068 4161,3068 4221,3068"/>
                <TextEquiv>
                    <Unicode>bin ich zu diesem Resultat gelangt. Ich sehe heute zwar selbst noch nicht ge¬</Unicode>
                </TextEquiv>
            </TextLine>
            <TextLine id="tr_3_tl_12" custom="readingOrder {index:18;}">
                <Coords points="568,3263 576,3263 636,3259 696,3259 756,3255 816,3255 876,3255 936,3247 996,3239 1056,3235 1116,3227 1176,3223 1236,3223 1296,3219 1356,3211 1416,3207 1476,3207 1536,3203 1596,3199 1656,3195 1716,3191 1776,3191 1836,3187 1896,3183 1956,3179 2016,3175 2076,3171 2136,3167 2196,3167 2256,3159 2316,3155 2376,3155 2436,3155 2496,3151 2556,3147 2616,3147 2676,3147 2736,3147 2796,3147 2856,3147 2916,3147 2976,3143 3036,3139 3096,3139 3156,3139 3216,3139 3276,3143 3336,3143 3396,3139 3456,3139 3516,3139 3577,3135 3637,3135 3697,3135 3757,3131 3817,3127 3877,3123 3937,3123 3997,3119 4057,3119 4117,3115 4177,3111 4237,3111 4237,3161 4177,3161 4117,3165 4057,3169 3997,3169 3937,3173 3877,3173 3817,3177 3757,3181 3697,3185 3637,3185 3577,3185 3516,3189 3456,3189 3396,3189 3336,3193 3276,3193 3216,3189 3156,3189 3096,3189 3036,3189 2976,3193 2916,3197 2856,3197 2796,3197 2736,3197 2676,3197 2616,3197 2556,3197 2496,3201 2436,3205 2376,3205 2316,3205 2256,3209 2196,3217 2136,3217 2076,3221 2016,3225 1956,3229 1896,3233 1836,3237 1776,3241 1716,3241 1656,3245 1596,3249 1536,3253 1476,3257 1416,3257 1356,3261 1296,3269 1236,3273 1176,3273 1116,3277 1056,3285 996,3289 936,3297 876,3305 816,3305 756,3305 696,3309 636,3309 576,3313 568,3313"/>
                <Baseline points="568,3308 576,3308 636,3304 696,3304 756,3300 816,3300 876,3300 936,3292 996,3284 1056,3280 1116,3272 1176,3268 1236,3268 1296,3264 1356,3256 1416,3252 1476,3252 1536,3248 1596,3244 1656,3240 1716,3236 1776,3236 1836,3232 1896,3228 1956,3224 2016,3220 2076,3216 2136,3212 2196,3212 2256,3204 2316,3200 2376,3200 2436,3200 2496,3196 2556,3192 2616,3192 2676,3192 2736,3192 2796,3192 2856,3192 2916,3192 2976,3188 3036,3184 3096,3184 3156,3184 3216,3184 3276,3188 3336,3188 3396,3184 3456,3184 3516,3184 3577,3180 3637,3180 3697,3180 3757,3176 3817,3172 3877,3168 3937,3168 3997,3164 4057,3164 4117,3160 4177,3156 4237,3156"/>
                <TextEquiv>
                    <Unicode>nau, wo der Fehler stecken mag, aber ich zweifle nicht, dass ein Fehler an</Unicode>
                </TextEquiv>
            </TextLine>
            <TextLine id="tr_3_tl_13" custom="readingOrder {index:19;} textStyle {offset:33; length:4;underlined:true;}">
                <Coords points="560,3367 612,3363 672,3363 732,3363 792,3359 852,3355 912,3355 972,3347 1032,3343 1092,3339 1152,3331 1212,3331 1272,3323 1332,3323 1392,3319 1452,3315 1512,3311 1572,3307 1632,3303 1692,3303 1752,3303 1812,3303 1872,3303 1932,3299 1992,3295 2052,3291 2112,3291 2172,3287 2232,3279 2292,3279 2352,3271 2412,3271 2472,3263 2532,3263 2592,3263 2652,3263 2712,3263 2772,3259 2832,3259 2892,3259 2952,3259 3012,3259 3072,3259 3132,3251 3192,3251 3252,3251 3312,3251 3372,3247 3432,3243 3492,3243 3553,3243 3613,3243 3673,3239 3733,3239 3793,3239 3853,3235 3913,3235 3973,3235 4033,3227 4093,3227 4153,3223 4213,3227 4273,3231 4273,3281 4213,3277 4153,3273 4093,3277 4033,3277 3973,3285 3913,3285 3853,3285 3793,3289 3733,3289 3673,3289 3613,3293 3553,3293 3492,3293 3432,3293 3372,3297 3312,3301 3252,3301 3192,3301 3132,3301 3072,3309 3012,3309 2952,3309 2892,3309 2832,3309 2772,3309 2712,3313 2652,3313 2592,3313 2532,3313 2472,3313 2412,3321 2352,3321 2292,3329 2232,3329 2172,3337 2112,3341 2052,3341 1992,3345 1932,3349 1872,3353 1812,3353 1752,3353 1692,3353 1632,3353 1572,3357 1512,3361 1452,3365 1392,3369 1332,3373 1272,3373 1212,3381 1152,3381 1092,3389 1032,3393 972,3397 912,3405 852,3405 792,3409 732,3413 672,3413 612,3413 560,3417"/>
                <Baseline points="560,3412 612,3408 672,3408 732,3408 792,3404 852,3400 912,3400 972,3392 1032,3388 1092,3384 1152,3376 1212,3376 1272,3368 1332,3368 1392,3364 1452,3360 1512,3356 1572,3352 1632,3348 1692,3348 1752,3348 1812,3348 1872,3348 1932,3344 1992,3340 2052,3336 2112,3336 2172,3332 2232,3324 2292,3324 2352,3316 2412,3316 2472,3308 2532,3308 2592,3308 2652,3308 2712,3308 2772,3304 2832,3304 2892,3304 2952,3304 3012,3304 3072,3304 3132,3296 3192,3296 3252,3296 3312,3296 3372,3292 3432,3288 3492,3288 3553,3288 3613,3288 3673,3284 3733,3284 3793,3284 3853,3280 3913,3280 3973,3280 4033,3272 4093,3272 4153,3268 4213,3272 4273,3276"/>
                <TextEquiv>
                    <Unicode>meiner Arbeit vorhanden ist; ich will daran nicht zweifeln, und ich muß</Unicode>
                </TextEquiv>
            </TextLine>
            <TextLine id="tr_3_tl_14" custom="readingOrder {index:20;} work {offset:19; length:10;}">
                <Coords points="552,3487 588,3487 648,3487 708,3483 768,3479 828,3471 888,3467 948,3463 1008,3459 1068,3455 1128,3451 1188,3451 1248,3447 1308,3443 1368,3439 1428,3431 1488,3427 1548,3427 1608,3423 1668,3419 1728,3419 1788,3419 1848,3415 1908,3415 1968,3411 2028,3407 2088,3403 2148,3403 2208,3399 2268,3391 2328,3387 2388,3383 2448,3379 2508,3375 2568,3375 2628,3375 2688,3371 2748,3367 2808,3367 2868,3367 2928,3363 2988,3363 3048,3359 3108,3355 3168,3355 3228,3355 3288,3347 3348,3347 3408,3343 3468,3343 3528,3339 3589,3335 3649,3335 3709,3335 3769,3331 3829,3331 3889,3331 3949,3331 4009,3327 4069,3327 4129,3323 4189,3323 4189,3373 4129,3373 4069,3377 4009,3377 3949,3381 3889,3381 3829,3381 3769,3381 3709,3385 3649,3385 3589,3385 3528,3389 3468,3393 3408,3393 3348,3397 3288,3397 3228,3405 3168,3405 3108,3405 3048,3409 2988,3413 2928,3413 2868,3417 2808,3417 2748,3417 2688,3421 2628,3425 2568,3425 2508,3425 2448,3429 2388,3433 2328,3437 2268,3441 2208,3449 2148,3453 2088,3453 2028,3457 1968,3461 1908,3465 1848,3465 1788,3469 1728,3469 1668,3469 1608,3473 1548,3477 1488,3477 1428,3481 1368,3489 1308,3493 1248,3497 1188,3501 1128,3501 1068,3505 1008,3509 948,3513 888,3517 828,3521 768,3529 708,3533 648,3537 588,3537 552,3537"/>
                <Baseline points="552,3532 588,3532 648,3532 708,3528 768,3524 828,3516 888,3512 948,3508 1008,3504 1068,3500 1128,3496 1188,3496 1248,3492 1308,3488 1368,3484 1428,3476 1488,3472 1548,3472 1608,3468 1668,3464 1728,3464 1788,3464 1848,3460 1908,3460 1968,3456 2028,3452 2088,3448 2148,3448 2208,3444 2268,3436 2328,3432 2388,3428 2448,3424 2508,3420 2568,3420 2628,3420 2688,3416 2748,3412 2808,3412 2868,3412 2928,3408 2988,3408 3048,3404 3108,3400 3168,3400 3228,3400 3288,3392 3348,3392 3408,3388 3468,3388 3528,3384 3589,3380 3649,3380 3709,3380 3769,3376 3829,3376 3889,3376 3949,3376 4009,3372 4069,3372 4129,3368 4189,3368"/>
                <TextEquiv>
                    <Unicode>nun versuchen, das Feuilleton zu erklären, außerdem aber auf eine Be¬</Unicode>
                </TextEquiv>
            </TextLine>
            <TextLine id="tr_3_tl_15" custom="readingOrder {index:21;}">
                <Coords points="556,3596 576,3596 636,3592 696,3584 756,3580 816,3572 876,3572 936,3564 996,3564 1056,3560 1116,3564 1176,3560 1236,3556 1296,3556 1356,3552 1416,3544 1476,3544 1536,3540 1596,3536 1656,3532 1716,3532 1776,3528 1836,3524 1896,3524 1956,3520 2016,3516 2076,3516 2136,3512 2196,3508 2256,3504 2316,3496 2376,3492 2436,3487 2496,3487 2556,3483 2616,3475 2676,3471 2736,3471 2796,3467 2856,3463 2916,3459 2976,3459 3036,3459 3096,3455 3156,3459 3216,3463 3228,3459 3268,3455 3328,3451 3388,3451 3448,3447 3508,3443 3569,3439 3629,3435 3689,3435 3749,3431 3809,3427 3869,3427 3929,3427 3989,3427 4049,3419 4109,3419 4109,3469 4049,3469 3989,3477 3929,3477 3869,3477 3809,3477 3749,3481 3689,3485 3629,3485 3569,3489 3508,3493 3448,3497 3388,3501 3328,3501 3268,3505 3228,3509 3216,3513 3156,3509 3096,3505 3036,3509 2976,3509 2916,3509 2856,3513 2796,3517 2736,3521 2676,3521 2616,3525 2556,3533 2496,3537 2436,3537 2376,3542 2316,3546 2256,3554 2196,3558 2136,3562 2076,3566 2016,3566 1956,3570 1896,3574 1836,3574 1776,3578 1716,3582 1656,3582 1596,3586 1536,3590 1476,3594 1416,3594 1356,3602 1296,3606 1236,3606 1176,3610 1116,3614 1056,3610 996,3614 936,3614 876,3622 816,3622 756,3630 696,3634 636,3642 576,3646 556,3646"/>
                <Baseline points="556,3641 576,3641 636,3637 696,3629 756,3625 816,3617 876,3617 936,3609 996,3609 1056,3605 1116,3609 1176,3605 1236,3601 1296,3601 1356,3597 1416,3589 1476,3589 1536,3585 1596,3581 1656,3577 1716,3577 1776,3573 1836,3569 1896,3569 1956,3565 2016,3561 2076,3561 2136,3557 2196,3553 2256,3549 2316,3541 2376,3537 2436,3532 2496,3532 2556,3528 2616,3520 2676,3516 2736,3516 2796,3512 2856,3508 2916,3504 2976,3504 3036,3504 3096,3500 3156,3504 3216,3508 3228,3504 3268,3500 3328,3496 3388,3496 3448,3492 3508,3488 3569,3484 3629,3480 3689,3480 3749,3476 3809,3472 3869,3472 3929,3472 3989,3472 4049,3464 4109,3464"/>
                <TextEquiv>
                    <Unicode>schuldigung, die Sie gegen mich erheben, antworten. Zwei schwere und</Unicode>
                </TextEquiv>
            </TextLine>
            <TextLine id="tr_3_tl_17" custom="readingOrder {index:22;}">
                <Coords points="580,3700 632,3696 692,3696 752,3696 812,3692 872,3680 932,3676 992,3676 1052,3676 1112,3676 1172,3672 1232,3668 1292,3668 1352,3664 1412,3660 1472,3656 1532,3656 1592,3652 1652,3644 1712,3644 1772,3644 1772,3694 1712,3694 1652,3694 1592,3702 1532,3706 1472,3706 1412,3710 1352,3714 1292,3718 1232,3718 1172,3722 1112,3726 1052,3726 992,3726 932,3726 872,3730 812,3742 752,3746 692,3746 632,3746 580,3750"/>
                <Baseline points="580,3745 632,3741 692,3741 752,3741 812,3737 872,3725 932,3721 992,3721 1052,3721 1112,3721 1172,3717 1232,3713 1292,3713 1352,3709 1412,3705 1472,3701 1532,3701 1592,3697 1652,3689 1712,3689 1772,3689"/>
                <TextEquiv>
                    <Unicode>mißliche Dinge.</Unicode>
                </TextEquiv>
            </TextLine>
            <TextLine id="tr_3_tl_16" custom="readingOrder {index:23;} structure {type:paragraph;}">
                <Coords points="552,3824 556,3824 616,3820 676,3812 736,3808 796,3804 856,3796 916,3788 976,3784 1036,3784 1096,3780 1156,3780 1216,3776 1276,3772 1336,3768 1396,3764 1456,3764 1516,3756 1576,3752 1636,3752 1696,3748 1756,3748 1816,3748 1876,3740 1936,3736 1996,3736 2056,3732 2116,3724 2176,3724 2236,3720 2296,3720 2356,3712 2416,3712 2476,3708 2536,3708 2596,3704 2656,3704 2716,3704 2776,3700 2836,3696 2896,3696 2956,3692 3016,3684 3076,3684 3136,3680 3196,3680 3256,3672 3316,3668 3376,3664 3436,3660 3496,3656 3557,3652 3617,3648 3677,3640 3737,3640 3797,3636 3857,3632 3917,3628 3977,3620 4037,3620 4097,3620 4157,3616 4217,3612 4277,3616 4277,3666 4217,3662 4157,3666 4097,3670 4037,3670 3977,3670 3917,3678 3857,3682 3797,3686 3737,3690 3677,3690 3617,3698 3557,3702 3496,3706 3436,3710 3376,3714 3316,3718 3256,3722 3196,3730 3136,3730 3076,3734 3016,3734 2956,3742 2896,3746 2836,3746 2776,3750 2716,3754 2656,3754 2596,3754 2536,3758 2476,3758 2416,3762 2356,3762 2296,3770 2236,3770 2176,3774 2116,3774 2056,3782 1996,3786 1936,3786 1876,3790 1816,3798 1756,3798 1696,3798 1636,3802 1576,3802 1516,3806 1456,3814 1396,3814 1336,3818 1276,3822 1216,3826 1156,3830 1096,3830 1036,3834 976,3834 916,3838 856,3846 796,3854 736,3858 676,3862 616,3870 556,3874 552,3874"/>
                <Baseline points="552,3869 556,3869 616,3865 676,3857 736,3853 796,3849 856,3841 916,3833 976,3829 1036,3829 1096,3825 1156,3825 1216,3821 1276,3817 1336,3813 1396,3809 1456,3809 1516,3801 1576,3797 1636,3797 1696,3793 1756,3793 1816,3793 1876,3785 1936,3781 1996,3781 2056,3777 2116,3769 2176,3769 2236,3765 2296,3765 2356,3757 2416,3757 2476,3753 2536,3753 2596,3749 2656,3749 2716,3749 2776,3745 2836,3741 2896,3741 2956,3737 3016,3729 3076,3729 3136,3725 3196,3725 3256,3717 3316,3713 3376,3709 3436,3705 3496,3701 3557,3697 3617,3693 3677,3685 3737,3685 3797,3681 3857,3677 3917,3673 3977,3665 4037,3665 4097,3665 4157,3661 4217,3657 4277,3661"/>
                <TextEquiv>
                    <Unicode>Zuerst also die Beschuldigung, ich hätte mündlich, und bisher auch öffentlich-kritisch</Unicode>
                </TextEquiv>
            </TextLine>
            <TextLine id="tr_3_tl_18" custom="readingOrder {index:24;}">
                <Coords points="552,3928 576,3924 636,3920 696,3916 756,3912 816,3908 876,3900 936,3896 996,3892 1056,3888 1116,3884 1176,3880 1236,3880 1296,3872 1356,3868 1416,3868 1476,3864 1536,3860 1596,3856 1656,3852 1716,3852 1776,3848 1836,3844 1896,3844 1956,3840 2016,3832 2076,3828 2136,3824 2196,3820 2256,3816 2316,3812 2376,3808 2436,3804 2496,3804 2556,3800 2616,3800 2676,3796 2736,3796 2796,3792 2856,3788 2916,3784 2976,3784 3036,3780 3096,3776 3156,3772 3216,3764 3276,3756 3336,3756 3396,3748 3456,3748 3516,3744 3577,3740 3637,3736 3697,3736 3757,3732 3817,3728 3877,3728 3937,3724 3997,3716 4057,3712 4117,3712 4177,3712 4237,3712 4297,3716 4297,3766 4237,3762 4177,3762 4117,3762 4057,3762 3997,3766 3937,3774 3877,3778 3817,3778 3757,3782 3697,3786 3637,3786 3577,3790 3516,3794 3456,3798 3396,3798 3336,3806 3276,3806 3216,3814 3156,3822 3096,3826 3036,3830 2976,3834 2916,3834 2856,3838 2796,3842 2736,3846 2676,3846 2616,3850 2556,3850 2496,3854 2436,3854 2376,3858 2316,3862 2256,3866 2196,3870 2136,3874 2076,3878 2016,3882 1956,3890 1896,3894 1836,3894 1776,3898 1716,3902 1656,3902 1596,3906 1536,3910 1476,3914 1416,3918 1356,3918 1296,3922 1236,3930 1176,3930 1116,3934 1056,3938 996,3942 936,3946 876,3950 816,3958 756,3962 696,3966 636,3970 576,3974 552,3978"/>
                <Baseline points="552,3973 576,3969 636,3965 696,3961 756,3957 816,3953 876,3945 936,3941 996,3937 1056,3933 1116,3929 1176,3925 1236,3925 1296,3917 1356,3913 1416,3913 1476,3909 1536,3905 1596,3901 1656,3897 1716,3897 1776,3893 1836,3889 1896,3889 1956,3885 2016,3877 2076,3873 2136,3869 2196,3865 2256,3861 2316,3857 2376,3853 2436,3849 2496,3849 2556,3845 2616,3845 2676,3841 2736,3841 2796,3837 2856,3833 2916,3829 2976,3829 3036,3825 3096,3821 3156,3817 3216,3809 3276,3801 3336,3801 3396,3793 3456,3793 3516,3789 3577,3785 3637,3781 3697,3781 3757,3777 3817,3773 3877,3773 3937,3769 3997,3761 4057,3757 4117,3757 4177,3757 4237,3757 4297,3761"/>
                <TextEquiv>
                    <Unicode>eine andere Meinung über Sie zum Ausdruck gebracht, als die in meinem Reigen¬</Unicode>
                </TextEquiv>
            </TextLine>
            <TextLine id="tr_3_tl_19" custom="readingOrder {index:25;}">
                <Coords points="568,4036 596,4028 656,4024 716,4020 776,4016 836,4012 896,4004 956,4000 1016,3996 1076,3992 1136,3988 1196,3984 1256,3980 1316,3976 1376,3968 1436,3964 1496,3964 1556,3960 1616,3956 1676,3952 1736,3948 1796,3944 1856,3944 1916,3936 1976,3932 2036,3924 2096,3920 2156,3916 2216,3912 2276,3908 2336,3900 2396,3900 2456,3900 2516,3892 2576,3892 2636,3884 2696,3884 2756,3880 2816,3876 2876,3876 2936,3872 2996,3868 3056,3864 3116,3856 3176,3852 3236,3852 3296,3848 3356,3844 3416,3844 3476,3840 3537,3836 3597,3836 3657,3832 3717,3828 3777,3828 3837,3832 3837,3882 3777,3878 3717,3878 3657,3882 3597,3886 3537,3886 3476,3890 3416,3894 3356,3894 3296,3898 3236,3902 3176,3902 3116,3906 3056,3914 2996,3918 2936,3922 2876,3926 2816,3926 2756,3930 2696,3934 2636,3934 2576,3942 2516,3942 2456,3950 2396,3950 2336,3950 2276,3958 2216,3962 2156,3966 2096,3970 2036,3974 1976,3982 1916,3986 1856,3994 1796,3994 1736,3998 1676,4002 1616,4006 1556,4010 1496,4014 1436,4014 1376,4018 1316,4026 1256,4030 1196,4034 1136,4038 1076,4042 1016,4046 956,4050 896,4054 836,4062 776,4066 716,4070 656,4074 596,4078 568,4086"/>
                <Baseline points="568,4081 596,4073 656,4069 716,4065 776,4061 836,4057 896,4049 956,4045 1016,4041 1076,4037 1136,4033 1196,4029 1256,4025 1316,4021 1376,4013 1436,4009 1496,4009 1556,4005 1616,4001 1676,3997 1736,3993 1796,3989 1856,3989 1916,3981 1976,3977 2036,3969 2096,3965 2156,3961 2216,3957 2276,3953 2336,3945 2396,3945 2456,3945 2516,3937 2576,3937 2636,3929 2696,3929 2756,3925 2816,3921 2876,3921 2936,3917 2996,3913 3056,3909 3116,3901 3176,3897 3236,3897 3296,3893 3356,3889 3416,3889 3476,3885 3537,3881 3597,3881 3657,3877 3717,3873 3777,3873 3837,3877"/>
                <TextEquiv>
                    <Unicode>Feuilleton niedergelegte. Das sei unaufrichtig, und habe Sie verletzt.</Unicode>
                </TextEquiv>
            </TextLine>
            <TextLine id="tr_3_tl_20" custom="readingOrder {index:26;} structure {type:paragraph;}">
                <Coords points="572,4144 624,4136 684,4128 744,4124 804,4120 864,4116 924,4112 984,4104 1044,4104 1104,4104 1164,4100 1224,4096 1284,4088 1344,4084 1404,4080 1464,4076 1524,4068 1584,4068 1644,4060 1704,4056 1764,4052 1824,4048 1884,4040 1944,4036 2004,4036 2064,4032 2124,4024 2184,4020 2244,4020 2304,4016 2364,4012 2424,4008 2484,4004 2544,3996 2604,3996 2664,3992 2724,3988 2784,3984 2844,3980 2904,3976 2964,3976 3024,3972 3084,3968 3144,3964 3204,3960 3264,3956 3324,3952 3384,3948 3444,3948 3504,3944 3565,3940 3625,3936 3685,3936 3745,3932 3805,3928 3865,3928 3925,3916 3985,3912 4045,3908 4105,3904 4165,3900 4225,3900 4285,3896 4285,3946 4225,3950 4165,3950 4105,3954 4045,3958 3985,3962 3925,3966 3865,3978 3805,3978 3745,3982 3685,3986 3625,3986 3565,3990 3504,3994 3444,3998 3384,3998 3324,4002 3264,4006 3204,4010 3144,4014 3084,4018 3024,4022 2964,4026 2904,4026 2844,4030 2784,4034 2724,4038 2664,4042 2604,4046 2544,4046 2484,4054 2424,4058 2364,4062 2304,4066 2244,4070 2184,4070 2124,4074 2064,4082 2004,4086 1944,4086 1884,4090 1824,4098 1764,4102 1704,4106 1644,4110 1584,4118 1524,4118 1464,4126 1404,4130 1344,4134 1284,4138 1224,4146 1164,4150 1104,4154 1044,4154 984,4154 924,4162 864,4166 804,4170 744,4174 684,4178 624,4186 572,4194"/>
                <Baseline points="572,4189 624,4181 684,4173 744,4169 804,4165 864,4161 924,4157 984,4149 1044,4149 1104,4149 1164,4145 1224,4141 1284,4133 1344,4129 1404,4125 1464,4121 1524,4113 1584,4113 1644,4105 1704,4101 1764,4097 1824,4093 1884,4085 1944,4081 2004,4081 2064,4077 2124,4069 2184,4065 2244,4065 2304,4061 2364,4057 2424,4053 2484,4049 2544,4041 2604,4041 2664,4037 2724,4033 2784,4029 2844,4025 2904,4021 2964,4021 3024,4017 3084,4013 3144,4009 3204,4005 3264,4001 3324,3997 3384,3993 3444,3993 3504,3989 3565,3985 3625,3981 3685,3981 3745,3977 3805,3973 3865,3973 3925,3961 3985,3957 4045,3953 4105,3949 4165,3945 4225,3945 4285,3941"/>
                <TextEquiv>
                    <Unicode>Darauf ließe sich erwidern, dass ich jetzt sehr wol eine andere Meinung haben </Unicode>
                </TextEquiv>
            </TextLine>
            <TextLine id="tr_3_tl_21" custom="readingOrder {index:27;}">
                <Coords points="568,4244 628,4244 688,4240 748,4236 808,4232 868,4232 928,4228 988,4212 1048,4208 1108,4204 1168,4204 1228,4196 1288,4192 1348,4188 1408,4184 1468,4180 1528,4176 1588,4172 1648,4164 1708,4160 1768,4156 1828,4152 1888,4148 1948,4144 2008,4140 2068,4136 2128,4132 2188,4128 2248,4128 2308,4128 2368,4124 2428,4112 2488,4108 2548,4104 2608,4100 2668,4100 2728,4096 2788,4092 2848,4088 2908,4084 2968,4084 3028,4080 3088,4076 3148,4072 3208,4072 3268,4064 3328,4060 3388,4052 3448,4056 3508,4048 3569,4044 3629,4040 3689,4040 3749,4036 3809,4032 3869,4024 3929,4020 3989,4016 4049,4008 4109,4004 4169,4000 4169,4050 4109,4054 4049,4058 3989,4066 3929,4070 3869,4074 3809,4082 3749,4086 3689,4090 3629,4090 3569,4094 3508,4098 3448,4106 3388,4102 3328,4110 3268,4114 3208,4122 3148,4122 3088,4126 3028,4130 2968,4134 2908,4134 2848,4138 2788,4142 2728,4146 2668,4150 2608,4150 2548,4154 2488,4158 2428,4162 2368,4174 2308,4178 2248,4178 2188,4178 2128,4182 2068,4186 2008,4190 1948,4194 1888,4198 1828,4202 1768,4206 1708,4210 1648,4214 1588,4222 1528,4226 1468,4230 1408,4234 1348,4238 1288,4242 1228,4246 1168,4254 1108,4254 1048,4258 988,4262 928,4278 868,4282 808,4282 748,4286 688,4290 628,4294 568,4294"/>
                <Baseline points="568,4289 628,4289 688,4285 748,4281 808,4277 868,4277 928,4273 988,4257 1048,4253 1108,4249 1168,4249 1228,4241 1288,4237 1348,4233 1408,4229 1468,4225 1528,4221 1588,4217 1648,4209 1708,4205 1768,4201 1828,4197 1888,4193 1948,4189 2008,4185 2068,4181 2128,4177 2188,4173 2248,4173 2308,4173 2368,4169 2428,4157 2488,4153 2548,4149 2608,4145 2668,4145 2728,4141 2788,4137 2848,4133 2908,4129 2968,4129 3028,4125 3088,4121 3148,4117 3208,4117 3268,4109 3328,4105 3388,4097 3448,4101 3508,4093 3569,4089 3629,4085 3689,4085 3749,4081 3809,4077 3869,4069 3929,4065 3989,4061 4049,4053 4109,4049 4169,4045"/>
                <TextEquiv>
                    <Unicode>könnte, ohne dass eine Unaufrichtigkeit mir deshalb vorzuwerfen wäre. Es</Unicode>
                </TextEquiv>
            </TextLine>
            <TextLine id="tr_3_tl_22" custom="readingOrder {index:28;}">
                <Coords points="580,4344 588,4340 648,4336 708,4336 768,4332 828,4328 888,4324 948,4324 1008,4316 1068,4312 1128,4308 1188,4304 1248,4296 1308,4292 1368,4288 1428,4284 1488,4280 1548,4276 1608,4268 1668,4264 1728,4260 1788,4256 1848,4248 1908,4248 1968,4244 2028,4240 2088,4236 2148,4232 2208,4232 2268,4228 2328,4228 2388,4224 2448,4220 2508,4212 2568,4208 2628,4200 2688,4196 2748,4192 2808,4184 2868,4180 2928,4176 2988,4172 3048,4172 3108,4168 3168,4164 3228,4160 3288,4156 3348,4152 3408,4152 3468,4144 3528,4144 3589,4140 3649,4136 3709,4132 3769,4128 3829,4120 3889,4120 3949,4112 4009,4112 4069,4104 4129,4100 4189,4096 4189,4146 4129,4150 4069,4154 4009,4162 3949,4162 3889,4170 3829,4170 3769,4178 3709,4182 3649,4186 3589,4190 3528,4194 3468,4194 3408,4202 3348,4202 3288,4206 3228,4210 3168,4214 3108,4218 3048,4222 2988,4222 2928,4226 2868,4230 2808,4234 2748,4242 2688,4246 2628,4250 2568,4258 2508,4262 2448,4270 2388,4274 2328,4278 2268,4278 2208,4282 2148,4282 2088,4286 2028,4290 1968,4294 1908,4298 1848,4298 1788,4306 1728,4310 1668,4314 1608,4318 1548,4326 1488,4330 1428,4334 1368,4338 1308,4342 1248,4346 1188,4354 1128,4358 1068,4362 1008,4366 948,4374 888,4374 828,4378 768,4382 708,4386 648,4386 588,4390 580,4394"/>
                <Baseline points="580,4389 588,4385 648,4381 708,4381 768,4377 828,4373 888,4369 948,4369 1008,4361 1068,4357 1128,4353 1188,4349 1248,4341 1308,4337 1368,4333 1428,4329 1488,4325 1548,4321 1608,4313 1668,4309 1728,4305 1788,4301 1848,4293 1908,4293 1968,4289 2028,4285 2088,4281 2148,4277 2208,4277 2268,4273 2328,4273 2388,4269 2448,4265 2508,4257 2568,4253 2628,4245 2688,4241 2748,4237 2808,4229 2868,4225 2928,4221 2988,4217 3048,4217 3108,4213 3168,4209 3228,4205 3288,4201 3348,4197 3408,4197 3468,4189 3528,4189 3589,4185 3649,4181 3709,4177 3769,4173 3829,4165 3889,4165 3949,4157 4009,4157 4069,4149 4129,4145 4189,4141"/>
                <TextEquiv>
                    <Unicode>kommt ja, wenn man seine alten, gewohnten Urtheile über einen Künstler</Unicode>
                </TextEquiv>
            </TextLine>
            <TextLine id="tr_3_tl_23" custom="readingOrder {index:29;} add {offset:38; length:4;}">
                <Coords points="576,4456 616,4456 676,4452 736,4448 796,4440 856,4436 916,4428 976,4420 1036,4416 1096,4412 1156,4408 1216,4404 1276,4396 1336,4392 1396,4388 1456,4380 1516,4376 1576,4368 1636,4364 1696,4360 1756,4356 1816,4356 1876,4352 1936,4352 1996,4348 2056,4340 2116,4340 2176,4336 2236,4336 2296,4328 2356,4324 2416,4324 2476,4320 2536,4312 2596,4316 2656,4308 2716,4300 2776,4292 2836,4292 2896,4284 2956,4280 3016,4276 3076,4272 3136,4272 3196,4272 3256,4268 3316,4264 3376,4260 3436,4252 3496,4248 3557,4240 3617,4232 3677,4228 3737,4224 3797,4224 3857,4216 3917,4216 3977,4212 4037,4204 4097,4196 4157,4196 4157,4246 4097,4246 4037,4254 3977,4262 3917,4266 3857,4266 3797,4274 3737,4274 3677,4278 3617,4282 3557,4290 3496,4298 3436,4302 3376,4310 3316,4314 3256,4318 3196,4322 3136,4322 3076,4322 3016,4326 2956,4330 2896,4334 2836,4342 2776,4342 2716,4350 2656,4358 2596,4366 2536,4362 2476,4370 2416,4374 2356,4374 2296,4378 2236,4386 2176,4386 2116,4390 2056,4390 1996,4398 1936,4402 1876,4402 1816,4406 1756,4406 1696,4410 1636,4414 1576,4418 1516,4426 1456,4430 1396,4438 1336,4442 1276,4446 1216,4454 1156,4458 1096,4462 1036,4466 976,4470 916,4478 856,4486 796,4490 736,4498 676,4502 616,4506 576,4506"/>
                <Baseline points="576,4501 616,4501 676,4497 736,4493 796,4485 856,4481 916,4473 976,4465 1036,4461 1096,4457 1156,4453 1216,4449 1276,4441 1336,4437 1396,4433 1456,4425 1516,4421 1576,4413 1636,4409 1696,4405 1756,4401 1816,4401 1876,4397 1936,4397 1996,4393 2056,4385 2116,4385 2176,4381 2236,4381 2296,4373 2356,4369 2416,4369 2476,4365 2536,4357 2596,4361 2656,4353 2716,4345 2776,4337 2836,4337 2896,4329 2956,4325 3016,4321 3076,4317 3136,4317 3196,4317 3256,4313 3316,4309 3376,4305 3436,4297 3496,4293 3557,4285 3617,4277 3677,4273 3737,4269 3797,4269 3857,4261 3917,4261 3977,4257 4037,4249 4097,4241 4157,4241"/>
                <TextEquiv>
                    <Unicode>nach Jahren wieder einmal versammelt, vor, dass die eine oder die andere der</Unicode>
                </TextEquiv>
            </TextLine>
            <TextLine id="tr_3_tl_24" custom="readingOrder {index:30;}">
                <Coords points="584,4580 624,4572 684,4564 744,4552 804,4548 864,4540 924,4536 984,4532 1044,4528 1104,4524 1164,4516 1224,4512 1284,4504 1344,4500 1404,4488 1464,4484 1524,4484 1584,4476 1644,4472 1704,4468 1764,4464 1824,4460 1884,4460 1944,4456 2004,4456 2064,4452 2124,4444 2184,4440 2244,4436 2304,4432 2364,4428 2424,4424 2484,4424 2544,4424 2604,4412 2664,4408 2724,4404 2784,4400 2844,4396 2904,4388 2964,4384 3024,4380 3084,4376 3144,4376 3204,4372 3264,4368 3324,4364 3384,4356 3444,4356 3504,4352 3565,4340 3625,4332 3685,4328 3745,4328 3805,4320 3865,4316 3925,4316 3985,4312 4045,4312 4105,4308 4165,4300 4225,4300 4285,4304 4285,4354 4225,4350 4165,4350 4105,4358 4045,4362 3985,4362 3925,4366 3865,4366 3805,4370 3745,4378 3685,4378 3625,4382 3565,4390 3504,4402 3444,4406 3384,4406 3324,4414 3264,4418 3204,4422 3144,4426 3084,4426 3024,4430 2964,4434 2904,4438 2844,4446 2784,4450 2724,4454 2664,4458 2604,4462 2544,4474 2484,4474 2424,4474 2364,4478 2304,4482 2244,4486 2184,4490 2124,4494 2064,4502 2004,4506 1944,4506 1884,4510 1824,4510 1764,4514 1704,4518 1644,4522 1584,4526 1524,4534 1464,4534 1404,4538 1344,4550 1284,4554 1224,4562 1164,4566 1104,4574 1044,4578 984,4582 924,4586 864,4590 804,4598 744,4602 684,4614 624,4622 584,4630"/>
                <Baseline points="584,4625 624,4617 684,4609 744,4597 804,4593 864,4585 924,4581 984,4577 1044,4573 1104,4569 1164,4561 1224,4557 1284,4549 1344,4545 1404,4533 1464,4529 1524,4529 1584,4521 1644,4517 1704,4513 1764,4509 1824,4505 1884,4505 1944,4501 2004,4501 2064,4497 2124,4489 2184,4485 2244,4481 2304,4477 2364,4473 2424,4469 2484,4469 2544,4469 2604,4457 2664,4453 2724,4449 2784,4445 2844,4441 2904,4433 2964,4429 3024,4425 3084,4421 3144,4421 3204,4417 3264,4413 3324,4409 3384,4401 3444,4401 3504,4397 3565,4385 3625,4377 3685,4373 3745,4373 3805,4365 3865,4361 3925,4361 3985,4357 4045,4357 4105,4353 4165,4345 4225,4345 4285,4349"/>
                <TextEquiv>
                    <Unicode>früheren Meinungen einem inzwischen davongelaufen ist, sich nicht mehr </Unicode>
                </TextEquiv>
            </TextLine>
            <TextLine id="tr_3_tl_25" custom="readingOrder {index:31;}">
                <Coords points="568,4692 604,4688 664,4680 724,4672 784,4664 844,4656 904,4652 964,4644 1024,4644 1084,4640 1144,4636 1204,4628 1264,4624 1324,4620 1384,4608 1444,4608 1504,4600 1564,4596 1624,4588 1684,4584 1744,4580 1804,4576 1864,4576 1924,4568 1984,4564 2044,4556 2104,4548 2164,4552 2224,4544 2284,4540 2344,4532 2404,4532 2464,4528 2524,4524 2584,4520 2644,4520 2704,4516 2764,4508 2824,4504 2884,4496 2944,4496 3004,4492 3064,4488 3124,4480 3184,4480 3244,4480 3304,4476 3364,4468 3424,4464 3484,4460 3545,4452 3605,4448 3665,4444 3725,4436 3785,4432 3845,4428 3905,4428 3965,4420 4025,4416 4085,4412 4145,4408 4205,4404 4205,4454 4145,4458 4085,4462 4025,4466 3965,4470 3905,4478 3845,4478 3785,4482 3725,4486 3665,4494 3605,4498 3545,4502 3484,4510 3424,4514 3364,4518 3304,4526 3244,4530 3184,4530 3124,4530 3064,4538 3004,4542 2944,4546 2884,4546 2824,4554 2764,4558 2704,4566 2644,4570 2584,4570 2524,4574 2464,4578 2404,4582 2344,4582 2284,4590 2224,4594 2164,4602 2104,4598 2044,4606 1984,4614 1924,4618 1864,4626 1804,4626 1744,4630 1684,4634 1624,4638 1564,4646 1504,4650 1444,4658 1384,4658 1324,4670 1264,4674 1204,4678 1144,4686 1084,4690 1024,4694 964,4694 904,4702 844,4706 784,4714 724,4722 664,4730 604,4738 568,4742"/>
                <Baseline points="568,4737 604,4733 664,4725 724,4717 784,4709 844,4701 904,4697 964,4689 1024,4689 1084,4685 1144,4681 1204,4673 1264,4669 1324,4665 1384,4653 1444,4653 1504,4645 1564,4641 1624,4633 1684,4629 1744,4625 1804,4621 1864,4621 1924,4613 1984,4609 2044,4601 2104,4593 2164,4597 2224,4589 2284,4585 2344,4577 2404,4577 2464,4573 2524,4569 2584,4565 2644,4565 2704,4561 2764,4553 2824,4549 2884,4541 2944,4541 3004,4537 3064,4533 3124,4525 3184,4525 3244,4525 3304,4521 3364,4513 3424,4509 3484,4505 3545,4497 3605,4493 3665,4489 3725,4481 3785,4477 3845,4473 3905,4473 3965,4465 4025,4461 4085,4457 4145,4453 4205,4449"/>
                <TextEquiv>
                    <Unicode>einstellen will, indessen andere, neue Anschauungen sich plötzlich ein¬</Unicode>
                </TextEquiv>
            </TextLine>
            <TextLine id="tr_3_tl_26" custom="readingOrder {index:32;} sic {offset:29; length:3;}">
                <Coords points="568,4804 616,4800 676,4792 736,4784 796,4776 856,4772 916,4768 976,4760 1036,4756 1096,4748 1156,4744 1216,4740 1276,4732 1336,4724 1396,4716 1456,4712 1516,4708 1576,4704 1636,4700 1696,4692 1756,4688 1816,4684 1876,4680 1936,4676 1996,4672 2056,4664 2116,4660 2176,4660 2236,4652 2296,4644 2356,4640 2416,4636 2476,4636 2536,4628 2596,4624 2656,4620 2716,4616 2776,4612 2836,4608 2896,4608 2956,4604 3016,4600 3076,4592 3136,4588 3196,4584 3256,4580 3316,4580 3376,4576 3436,4568 3496,4564 3557,4556 3617,4552 3677,4548 3737,4544 3797,4540 3857,4536 3917,4532 3977,4528 4037,4528 4097,4520 4157,4516 4217,4512 4277,4508 4277,4558 4217,4562 4157,4566 4097,4570 4037,4578 3977,4578 3917,4582 3857,4586 3797,4590 3737,4594 3677,4598 3617,4602 3557,4606 3496,4614 3436,4618 3376,4626 3316,4630 3256,4630 3196,4634 3136,4638 3076,4642 3016,4650 2956,4654 2896,4658 2836,4658 2776,4662 2716,4666 2656,4670 2596,4674 2536,4678 2476,4686 2416,4686 2356,4690 2296,4694 2236,4702 2176,4710 2116,4710 2056,4714 1996,4722 1936,4726 1876,4730 1816,4734 1756,4738 1696,4742 1636,4750 1576,4754 1516,4758 1456,4762 1396,4766 1336,4774 1276,4782 1216,4790 1156,4794 1096,4798 1036,4806 976,4810 916,4818 856,4822 796,4826 736,4834 676,4842 616,4850 568,4854"/>
                <Baseline points="568,4849 616,4845 676,4837 736,4829 796,4821 856,4817 916,4813 976,4805 1036,4801 1096,4793 1156,4789 1216,4785 1276,4777 1336,4769 1396,4761 1456,4757 1516,4753 1576,4749 1636,4745 1696,4737 1756,4733 1816,4729 1876,4725 1936,4721 1996,4717 2056,4709 2116,4705 2176,4705 2236,4697 2296,4689 2356,4685 2416,4681 2476,4681 2536,4673 2596,4669 2656,4665 2716,4661 2776,4657 2836,4653 2896,4653 2956,4649 3016,4645 3076,4637 3136,4633 3196,4629 3256,4625 3316,4625 3376,4621 3436,4613 3496,4609 3557,4601 3617,4597 3677,4593 3737,4589 3797,4585 3857,4581 3917,4577 3977,4573 4037,4573 4097,4565 4157,4561 4217,4557 4277,4553"/>
                <TextEquiv>
                    <Unicode>finden. So entstünde dann in der konzentrirten kritischen Arbeiten ein</Unicode>
                </TextEquiv>
            </TextLine>
            <TextLine id="tr_3_tl_27" custom="readingOrder {index:33;}">
                <Coords points="580,4912 628,4904 688,4900 748,4892 808,4888 868,4880 928,4872 988,4868 1048,4864 1108,4860 1168,4860 1228,4848 1288,4844 1348,4836 1408,4828 1468,4820 1528,4816 1588,4808 1648,4804 1708,4804 1768,4796 1828,4796 1888,4792 1948,4784 2008,4780 2068,4772 2128,4768 2188,4764 2248,4756 2308,4752 2368,4748 2428,4744 2488,4744 2548,4736 2608,4732 2668,4732 2728,4728 2788,4724 2848,4720 2908,4708 2968,4704 3028,4704 3088,4692 3148,4688 3208,4684 3268,4680 3328,4680 3388,4672 3448,4668 3508,4664 3569,4656 3629,4648 3689,4644 3749,4640 3809,4640 3869,4636 3929,4636 3989,4632 4049,4628 4109,4624 4169,4624 4229,4624 4289,4620 4289,4670 4229,4674 4169,4674 4109,4674 4049,4678 3989,4682 3929,4686 3869,4686 3809,4690 3749,4690 3689,4694 3629,4698 3569,4706 3508,4714 3448,4718 3388,4722 3328,4730 3268,4730 3208,4734 3148,4738 3088,4742 3028,4754 2968,4754 2908,4758 2848,4770 2788,4774 2728,4778 2668,4782 2608,4782 2548,4786 2488,4794 2428,4794 2368,4798 2308,4802 2248,4806 2188,4814 2128,4818 2068,4822 2008,4830 1948,4834 1888,4842 1828,4846 1768,4846 1708,4854 1648,4854 1588,4858 1528,4866 1468,4870 1408,4878 1348,4886 1288,4894 1228,4898 1168,4910 1108,4910 1048,4914 988,4918 928,4922 868,4930 808,4938 748,4942 688,4950 628,4954 580,4962"/>
                <Baseline points="580,4957 628,4949 688,4945 748,4937 808,4933 868,4925 928,4917 988,4913 1048,4909 1108,4905 1168,4905 1228,4893 1288,4889 1348,4881 1408,4873 1468,4865 1528,4861 1588,4853 1648,4849 1708,4849 1768,4841 1828,4841 1888,4837 1948,4829 2008,4825 2068,4817 2128,4813 2188,4809 2248,4801 2308,4797 2368,4793 2428,4789 2488,4789 2548,4781 2608,4777 2668,4777 2728,4773 2788,4769 2848,4765 2908,4753 2968,4749 3028,4749 3088,4737 3148,4733 3208,4729 3268,4725 3328,4725 3388,4717 3448,4713 3508,4709 3569,4701 3629,4693 3689,4689 3749,4685 3809,4685 3869,4681 3929,4681 3989,4677 4049,4673 4109,4669 4169,4669 4229,4669 4289,4665"/>
                <TextEquiv>
                    <Unicode>verändertes Gesammtbild, und man dürfte deswegen von einer Unauf¬</Unicode>
                </TextEquiv>
            </TextLine>
            <TextLine id="tr_3_tl_29" custom="readingOrder {index:34;}">
                <Coords points="568,5024 596,5020 656,5012 716,5008 776,5000 836,4996 896,4988 956,4984 1016,4980 1076,4980 1136,4980 1196,4968 1256,4964 1316,4960 1376,4952 1436,4944 1496,4936 1556,4928 1616,4920 1676,4920 1736,4912 1796,4904 1856,4904 1916,4900 1976,4892 2036,4884 2096,4880 2156,4876 2216,4872 2216,4922 2156,4926 2096,4930 2036,4934 1976,4942 1916,4950 1856,4954 1796,4954 1736,4962 1676,4970 1616,4970 1556,4978 1496,4986 1436,4994 1376,5002 1316,5010 1256,5014 1196,5018 1136,5030 1076,5030 1016,5030 956,5034 896,5038 836,5046 776,5050 716,5058 656,5062 596,5070 568,5074"/>
                <Baseline points="568,5069 596,5065 656,5057 716,5053 776,5045 836,5041 896,5033 956,5029 1016,5025 1076,5025 1136,5025 1196,5013 1256,5009 1316,5005 1376,4997 1436,4989 1496,4981 1556,4973 1616,4965 1676,4965 1736,4957 1796,4949 1856,4949 1916,4945 1976,4937 2036,4929 2096,4925 2156,4921 2216,4917"/>
                <TextEquiv>
                    <Unicode>richtigkeit noch nicht sprechen.</Unicode>
                </TextEquiv>
            </TextLine>
            <TextLine id="tr_3_tl_28" custom="readingOrder {index:35;} textStyle {offset:30; length:3;underlined:true;} work {offset:58; length:5;}">
                <Coords points="572,5152 604,5156 664,5144 724,5136 784,5128 844,5124 904,5120 964,5112 1024,5104 1084,5100 1144,5096 1204,5088 1264,5080 1324,5072 1384,5064 1444,5056 1504,5052 1564,5044 1624,5040 1684,5036 1744,5028 1804,5020 1864,5016 1924,5008 1984,5008 2044,5004 2104,5000 2164,4992 2224,4992 2284,4992 2344,4988 2404,4980 2464,4976 2524,4972 2584,4968 2644,4964 2704,4960 2764,4952 2824,4948 2884,4944 2944,4936 3004,4932 3064,4932 3124,4924 3184,4920 3244,4916 3304,4912 3364,4908 3424,4904 3484,4900 3545,4896 3605,4892 3665,4888 3725,4884 3785,4880 3845,4880 3905,4872 3965,4872 4025,4868 4085,4864 4145,4864 4205,4864 4265,4864 4325,4864 4325,4914 4265,4914 4205,4914 4145,4914 4085,4914 4025,4918 3965,4922 3905,4922 3845,4930 3785,4930 3725,4934 3665,4938 3605,4942 3545,4946 3484,4950 3424,4954 3364,4958 3304,4962 3244,4966 3184,4970 3124,4974 3064,4982 3004,4982 2944,4986 2884,4994 2824,4998 2764,5002 2704,5010 2644,5014 2584,5018 2524,5022 2464,5026 2404,5030 2344,5038 2284,5042 2224,5042 2164,5042 2104,5050 2044,5054 1984,5058 1924,5058 1864,5066 1804,5070 1744,5078 1684,5086 1624,5090 1564,5094 1504,5102 1444,5106 1384,5114 1324,5122 1264,5130 1204,5138 1144,5146 1084,5150 1024,5154 964,5162 904,5170 844,5174 784,5178 724,5186 664,5194 604,5206 572,5202"/>
                <Baseline points="572,5197 604,5201 664,5189 724,5181 784,5173 844,5169 904,5165 964,5157 1024,5149 1084,5145 1144,5141 1204,5133 1264,5125 1324,5117 1384,5109 1444,5101 1504,5097 1564,5089 1624,5085 1684,5081 1744,5073 1804,5065 1864,5061 1924,5053 1984,5053 2044,5049 2104,5045 2164,5037 2224,5037 2284,5037 2344,5033 2404,5025 2464,5021 2524,5017 2584,5013 2644,5009 2704,5005 2764,4997 2824,4993 2884,4989 2944,4981 3004,4977 3064,4977 3124,4969 3184,4965 3244,4961 3304,4957 3364,4953 3424,4949 3484,4945 3545,4941 3605,4937 3665,4933 3725,4929 3785,4925 3845,4925 3905,4917 3965,4917 4025,4913 4085,4909 4145,4909 4205,4909 4265,4909 4325,4909"/>
                <TextEquiv>
                    <Unicode>Bei mir ist aber nicht einmal das zutreffend. Was ich im »R.-F.« schrieb,</Unicode>
                </TextEquiv>
            </TextLine>
            <TextLine id="tr_3_tl_30" custom="readingOrder {index:36;} textStyle {offset:21; length:7;underlined:true;}">
                <Coords points="588,5256 612,5252 672,5248 732,5244 792,5236 852,5236 912,5228 972,5224 1032,5220 1092,5212 1152,5204 1212,5196 1272,5188 1332,5184 1392,5176 1452,5168 1512,5160 1572,5160 1632,5152 1692,5152 1752,5144 1812,5140 1872,5140 1932,5132 1992,5128 2052,5128 2112,5128 2172,5120 2232,5116 2292,5112 2352,5108 2412,5100 2472,5092 2532,5088 2592,5084 2652,5076 2712,5076 2772,5072 2832,5064 2892,5060 2952,5052 3012,5048 3072,5044 3132,5036 3192,5036 3252,5032 3312,5028 3372,5024 3432,5016 3492,5012 3553,5012 3613,5008 3673,5004 3733,5004 3793,4996 3853,4992 3913,4988 3973,4984 4033,4980 4093,4976 4153,4976 4213,4972 4273,4972 4273,5022 4213,5022 4153,5026 4093,5026 4033,5030 3973,5034 3913,5038 3853,5042 3793,5046 3733,5054 3673,5054 3613,5058 3553,5062 3492,5062 3432,5066 3372,5074 3312,5078 3252,5082 3192,5086 3132,5086 3072,5094 3012,5098 2952,5102 2892,5110 2832,5114 2772,5122 2712,5126 2652,5126 2592,5134 2532,5138 2472,5142 2412,5150 2352,5158 2292,5162 2232,5166 2172,5170 2112,5178 2052,5178 1992,5178 1932,5182 1872,5190 1812,5190 1752,5194 1692,5202 1632,5202 1572,5210 1512,5210 1452,5218 1392,5226 1332,5234 1272,5238 1212,5246 1152,5254 1092,5262 1032,5270 972,5274 912,5278 852,5286 792,5286 732,5294 672,5298 612,5302 588,5306"/>
                <Baseline points="588,5301 612,5297 672,5293 732,5289 792,5281 852,5281 912,5273 972,5269 1032,5265 1092,5257 1152,5249 1212,5241 1272,5233 1332,5229 1392,5221 1452,5213 1512,5205 1572,5205 1632,5197 1692,5197 1752,5189 1812,5185 1872,5185 1932,5177 1992,5173 2052,5173 2112,5173 2172,5165 2232,5161 2292,5157 2352,5153 2412,5145 2472,5137 2532,5133 2592,5129 2652,5121 2712,5121 2772,5117 2832,5109 2892,5105 2952,5097 3012,5093 3072,5089 3132,5081 3192,5081 3252,5077 3312,5073 3372,5069 3432,5061 3492,5057 3553,5057 3613,5053 3673,5049 3733,5049 3793,5041 3853,5037 3913,5033 3973,5029 4033,5025 4093,5021 4153,5021 4213,5017 4273,5017"/>
                <TextEquiv>
                    <Unicode>habe ich seit Jahren gedacht, und Ihnen mein Denken nicht vorent¬</Unicode>
                </TextEquiv>
            </TextLine>
            <TextLine id="tr_3_tl_31" custom="readingOrder {index:37;} textStyle {offset:12; length:5;underlined:true;}">
                <Coords points="580,5364 632,5356 692,5352 752,5348 812,5344 872,5336 932,5332 992,5328 1052,5324 1112,5316 1172,5316 1232,5308 1292,5304 1352,5296 1412,5288 1472,5284 1532,5276 1592,5272 1652,5268 1712,5268 1772,5260 1832,5256 1892,5244 1952,5236 2012,5236 2072,5232 2132,5228 2192,5224 2252,5220 2312,5216 2372,5212 2432,5208 2492,5204 2552,5196 2612,5188 2672,5188 2732,5180 2792,5176 2852,5168 2912,5164 2972,5156 3032,5156 3092,5148 3152,5144 3212,5140 3272,5136 3332,5136 3392,5132 3452,5132 3512,5128 3573,5120 3633,5116 3693,5112 3753,5112 3813,5108 3873,5100 3933,5092 3993,5088 4053,5084 4113,5072 4173,5076 4233,5072 4233,5122 4173,5126 4113,5122 4053,5134 3993,5138 3933,5142 3873,5150 3813,5158 3753,5162 3693,5162 3633,5166 3573,5170 3512,5178 3452,5182 3392,5182 3332,5186 3272,5186 3212,5190 3152,5194 3092,5198 3032,5206 2972,5206 2912,5214 2852,5218 2792,5226 2732,5230 2672,5238 2612,5238 2552,5246 2492,5254 2432,5258 2372,5262 2312,5266 2252,5270 2192,5274 2132,5278 2072,5282 2012,5286 1952,5286 1892,5294 1832,5306 1772,5310 1712,5318 1652,5318 1592,5322 1532,5326 1472,5334 1412,5338 1352,5346 1292,5354 1232,5358 1172,5366 1112,5366 1052,5374 992,5378 932,5382 872,5386 812,5394 752,5398 692,5402 632,5406 580,5414"/>
                <Baseline points="580,5409 632,5401 692,5397 752,5393 812,5389 872,5381 932,5377 992,5373 1052,5369 1112,5361 1172,5361 1232,5353 1292,5349 1352,5341 1412,5333 1472,5329 1532,5321 1592,5317 1652,5313 1712,5313 1772,5305 1832,5301 1892,5289 1952,5281 2012,5281 2072,5277 2132,5273 2192,5269 2252,5265 2312,5261 2372,5257 2432,5253 2492,5249 2552,5241 2612,5233 2672,5233 2732,5225 2792,5221 2852,5213 2912,5209 2972,5201 3032,5201 3092,5193 3152,5189 3212,5185 3272,5181 3332,5181 3392,5177 3452,5177 3512,5173 3573,5165 3633,5161 3693,5157 3753,5157 3813,5153 3873,5145 3933,5137 3993,5133 4053,5129 4113,5117 4173,5121 4233,5117"/>
                <TextEquiv>
                    <Unicode>halten. Sie müßen sich erinnern, wie oft ich Ihnen sagte, dass der</Unicode>
                </TextEquiv>
            </TextLine>
            <TextLine id="tr_3_tl_32" custom="readingOrder {index:38;} work {offset:0; length:6;}">
                <Coords points="592,5476 600,5480 660,5472 720,5472 780,5464 840,5460 900,5452 960,5448 1020,5444 1080,5436 1140,5432 1200,5424 1260,5420 1320,5412 1380,5408 1440,5400 1500,5392 1560,5392 1620,5384 1680,5380 1740,5376 1800,5368 1860,5364 1920,5356 1980,5352 2040,5348 2100,5348 2160,5340 2220,5340 2280,5332 2340,5324 2400,5320 2460,5316 2520,5308 2580,5304 2640,5304 2700,5300 2760,5292 2820,5284 2880,5280 2940,5272 3000,5264 3060,5264 3120,5256 3180,5252 3240,5248 3300,5244 3360,5240 3420,5244 3480,5240 3541,5236 3601,5232 3661,5232 3721,5228 3781,5224 3841,5224 3901,5220 3961,5212 4021,5208 4081,5204 4141,5200 4201,5200 4261,5200 4321,5200 4321,5250 4261,5250 4201,5250 4141,5250 4081,5254 4021,5258 3961,5262 3901,5270 3841,5274 3781,5274 3721,5278 3661,5282 3601,5282 3541,5286 3480,5290 3420,5294 3360,5290 3300,5294 3240,5298 3180,5302 3120,5306 3060,5314 3000,5314 2940,5322 2880,5330 2820,5334 2760,5342 2700,5350 2640,5354 2580,5354 2520,5358 2460,5366 2400,5370 2340,5374 2280,5382 2220,5390 2160,5390 2100,5398 2040,5398 1980,5402 1920,5406 1860,5414 1800,5418 1740,5426 1680,5430 1620,5434 1560,5442 1500,5442 1440,5450 1380,5458 1320,5462 1260,5470 1200,5474 1140,5482 1080,5486 1020,5494 960,5498 900,5502 840,5510 780,5514 720,5522 660,5522 600,5530 592,5526"/>
                <Baseline points="592,5521 600,5525 660,5517 720,5517 780,5509 840,5505 900,5497 960,5493 1020,5489 1080,5481 1140,5477 1200,5469 1260,5465 1320,5457 1380,5453 1440,5445 1500,5437 1560,5437 1620,5429 1680,5425 1740,5421 1800,5413 1860,5409 1920,5401 1980,5397 2040,5393 2100,5393 2160,5385 2220,5385 2280,5377 2340,5369 2400,5365 2460,5361 2520,5353 2580,5349 2640,5349 2700,5345 2760,5337 2820,5329 2880,5325 2940,5317 3000,5309 3060,5309 3120,5301 3180,5297 3240,5293 3300,5289 3360,5285 3420,5289 3480,5285 3541,5281 3601,5277 3661,5277 3721,5273 3781,5269 3841,5269 3901,5265 3961,5257 4021,5253 4081,5249 4141,5245 4201,5245 4261,5245 4321,5245"/>
                <TextEquiv>
                    <Unicode>Anatol jetzt anders auf mich wirke, als vor 12 Jahren, und Sie müßen</Unicode>
                </TextEquiv>
            </TextLine>
            <TextLine id="tr_3_tl_33" custom="readingOrder {index:39;} work {offset:50; length:7;}">
                <Coords points="580,5600 608,5596 668,5588 728,5584 788,5584 848,5576 908,5568 968,5560 1028,5556 1088,5552 1148,5544 1208,5536 1268,5532 1328,5532 1388,5524 1448,5512 1508,5504 1568,5504 1628,5496 1688,5488 1748,5484 1808,5480 1868,5476 1928,5468 1988,5460 2048,5460 2108,5456 2168,5448 2228,5444 2288,5440 2348,5432 2408,5428 2468,5424 2528,5416 2588,5416 2648,5412 2708,5408 2768,5404 2828,5400 2888,5396 2948,5388 3008,5380 3068,5376 3128,5372 3188,5368 3248,5364 3308,5364 3368,5364 3428,5356 3488,5352 3549,5348 3609,5348 3669,5344 3729,5336 3789,5336 3849,5336 3909,5332 3969,5328 4029,5324 4089,5316 4149,5316 4209,5316 4269,5316 4269,5366 4209,5366 4149,5366 4089,5366 4029,5374 3969,5378 3909,5382 3849,5386 3789,5386 3729,5386 3669,5394 3609,5398 3549,5398 3488,5402 3428,5406 3368,5414 3308,5414 3248,5414 3188,5418 3128,5422 3068,5426 3008,5430 2948,5438 2888,5446 2828,5450 2768,5454 2708,5458 2648,5462 2588,5466 2528,5466 2468,5474 2408,5478 2348,5482 2288,5490 2228,5494 2168,5498 2108,5506 2048,5510 1988,5510 1928,5518 1868,5526 1808,5530 1748,5534 1688,5538 1628,5546 1568,5554 1508,5554 1448,5562 1388,5574 1328,5582 1268,5582 1208,5586 1148,5594 1088,5602 1028,5606 968,5610 908,5618 848,5626 788,5634 728,5634 668,5638 608,5646 580,5650"/>
                <Baseline points="580,5645 608,5641 668,5633 728,5629 788,5629 848,5621 908,5613 968,5605 1028,5601 1088,5597 1148,5589 1208,5581 1268,5577 1328,5577 1388,5569 1448,5557 1508,5549 1568,5549 1628,5541 1688,5533 1748,5529 1808,5525 1868,5521 1928,5513 1988,5505 2048,5505 2108,5501 2168,5493 2228,5489 2288,5485 2348,5477 2408,5473 2468,5469 2528,5461 2588,5461 2648,5457 2708,5453 2768,5449 2828,5445 2888,5441 2948,5433 3008,5425 3068,5421 3128,5417 3188,5413 3248,5409 3308,5409 3368,5409 3428,5401 3488,5397 3549,5393 3609,5393 3669,5389 3729,5381 3789,5381 3849,5381 3909,5377 3969,5373 4029,5369 4089,5361 4149,5361 4209,5361 4269,5361"/>
                <TextEquiv>
                    <Unicode>sich erinnern, dass ich bei diesem Thema: Anatol, Märchen ec. ein¬</Unicode>
                </TextEquiv>
            </TextLine>
            <TextLine id="tr_3_tl_34" custom="readingOrder {index:40;} place {offset:19; length:9;}">
                <Coords points="588,5704 620,5700 680,5696 740,5688 800,5688 860,5680 920,5676 980,5672 1040,5668 1100,5664 1160,5660 1220,5652 1280,5648 1340,5644 1400,5636 1460,5632 1520,5628 1580,5624 1640,5620 1700,5616 1760,5608 1820,5604 1880,5596 1940,5588 2000,5584 2060,5580 2120,5580 2180,5580 2240,5576 2300,5572 2360,5568 2420,5560 2480,5552 2540,5544 2600,5540 2660,5536 2720,5532 2780,5524 2840,5520 2900,5520 2960,5516 3020,5508 3080,5504 3140,5496 3200,5492 3260,5488 3320,5484 3380,5480 3440,5476 3500,5472 3561,5468 3621,5464 3681,5464 3741,5456 3801,5456 3861,5452 3921,5448 3981,5448 4041,5448 4101,5444 4161,5444 4221,5444 4281,5444 4281,5494 4221,5494 4161,5494 4101,5494 4041,5498 3981,5498 3921,5498 3861,5502 3801,5506 3741,5506 3681,5514 3621,5514 3561,5518 3500,5522 3440,5526 3380,5530 3320,5534 3260,5538 3200,5542 3140,5546 3080,5554 3020,5558 2960,5566 2900,5570 2840,5570 2780,5574 2720,5582 2660,5586 2600,5590 2540,5594 2480,5602 2420,5610 2360,5618 2300,5622 2240,5626 2180,5630 2120,5630 2060,5630 2000,5634 1940,5638 1880,5646 1820,5654 1760,5658 1700,5666 1640,5670 1580,5674 1520,5678 1460,5682 1400,5686 1340,5694 1280,5698 1220,5702 1160,5710 1100,5714 1040,5718 980,5722 920,5726 860,5730 800,5738 740,5738 680,5746 620,5750 588,5754"/>
                <Baseline points="588,5749 620,5745 680,5741 740,5733 800,5733 860,5725 920,5721 980,5717 1040,5713 1100,5709 1160,5705 1220,5697 1280,5693 1340,5689 1400,5681 1460,5677 1520,5673 1580,5669 1640,5665 1700,5661 1760,5653 1820,5649 1880,5641 1940,5633 2000,5629 2060,5625 2120,5625 2180,5625 2240,5621 2300,5617 2360,5613 2420,5605 2480,5597 2540,5589 2600,5585 2660,5581 2720,5577 2780,5569 2840,5565 2900,5565 2960,5561 3020,5553 3080,5549 3140,5541 3200,5537 3260,5533 3320,5529 3380,5525 3440,5521 3500,5517 3561,5513 3621,5509 3681,5509 3741,5501 3801,5501 3861,5497 3921,5493 3981,5493 4041,5493 4101,5489 4161,5489 4221,5489 4281,5489"/>
                <TextEquiv>
                    <Unicode>mal (es war in der Frankgaße) so heftig im Ausdruck wurde, dass</Unicode>
                </TextEquiv>
            </TextLine>
            <TextLine id="tr_3_tl_35" custom="readingOrder {index:41;}">
                <Coords points="600,5836 604,5836 664,5832 724,5832 784,5828 844,5824 904,5816 964,5812 1024,5808 1084,5808 1144,5800 1204,5792 1264,5784 1324,5780 1384,5772 1444,5768 1504,5764 1564,5764 1624,5756 1684,5748 1744,5744 1804,5740 1864,5740 1924,5732 1984,5728 2044,5724 2104,5720 2164,5716 2224,5716 2284,5712 2344,5712 2404,5704 2464,5700 2524,5696 2584,5692 2644,5684 2704,5684 2764,5676 2824,5676 2884,5672 2944,5660 3004,5652 3064,5648 3124,5636 3184,5628 3244,5624 3304,5620 3364,5616 3424,5608 3484,5604 3545,5600 3605,5596 3665,5596 3725,5592 3785,5592 3845,5584 3905,5584 3965,5580 4025,5576 4085,5576 4085,5626 4025,5626 3965,5630 3905,5634 3845,5634 3785,5642 3725,5642 3665,5646 3605,5646 3545,5650 3484,5654 3424,5658 3364,5666 3304,5670 3244,5674 3184,5678 3124,5686 3064,5698 3004,5702 2944,5710 2884,5722 2824,5726 2764,5726 2704,5734 2644,5734 2584,5742 2524,5746 2464,5750 2404,5754 2344,5762 2284,5762 2224,5766 2164,5766 2104,5770 2044,5774 1984,5778 1924,5782 1864,5790 1804,5790 1744,5794 1684,5798 1624,5806 1564,5814 1504,5814 1444,5818 1384,5822 1324,5830 1264,5834 1204,5842 1144,5850 1084,5858 1024,5858 964,5862 904,5866 844,5874 784,5878 724,5882 664,5882 604,5886 600,5886"/>
                <Baseline points="600,5881 604,5881 664,5877 724,5877 784,5873 844,5869 904,5861 964,5857 1024,5853 1084,5853 1144,5845 1204,5837 1264,5829 1324,5825 1384,5817 1444,5813 1504,5809 1564,5809 1624,5801 1684,5793 1744,5789 1804,5785 1864,5785 1924,5777 1984,5773 2044,5769 2104,5765 2164,5761 2224,5761 2284,5757 2344,5757 2404,5749 2464,5745 2524,5741 2584,5737 2644,5729 2704,5729 2764,5721 2824,5721 2884,5717 2944,5705 3004,5697 3064,5693 3124,5681 3184,5673 3244,5669 3304,5665 3364,5661 3424,5653 3484,5649 3545,5645 3605,5641 3665,5641 3725,5637 3785,5637 3845,5629 3905,5629 3965,5625 4025,5621 4085,5621"/>
                <TextEquiv>
                    <Unicode>wir Beide darüber ins Lachen geriethen. Sie müßen sich ferner</Unicode>
                </TextEquiv>
            </TextLine>
            <TextLine id="tr_3_tl_36" custom="readingOrder {index:42;}">
                <Coords points="592,5964 608,5964 668,5956 728,5952 788,5948 848,5944 908,5936 968,5932 1028,5928 1088,5928 1148,5920 1208,5912 1268,5904 1328,5900 1388,5892 1448,5888 1508,5884 1568,5884 1628,5876 1688,5872 1748,5864 1808,5864 1868,5860 1928,5856 1988,5852 2048,5848 2108,5840 2168,5836 2228,5832 2288,5828 2348,5824 2408,5820 2468,5816 2528,5812 2588,5808 2648,5804 2708,5800 2768,5796 2828,5792 2888,5784 2948,5780 3008,5776 3068,5768 3128,5764 3188,5760 3248,5760 3308,5752 3368,5744 3428,5740 3488,5736 3549,5732 3609,5728 3669,5720 3729,5720 3789,5716 3849,5716 3909,5708 3969,5704 4029,5700 4089,5696 4149,5696 4209,5696 4269,5700 4269,5750 4209,5746 4149,5746 4089,5746 4029,5750 3969,5754 3909,5758 3849,5766 3789,5766 3729,5770 3669,5770 3609,5778 3549,5782 3488,5786 3428,5790 3368,5794 3308,5802 3248,5810 3188,5810 3128,5814 3068,5818 3008,5826 2948,5830 2888,5834 2828,5842 2768,5846 2708,5850 2648,5854 2588,5858 2528,5862 2468,5866 2408,5870 2348,5874 2288,5878 2228,5882 2168,5886 2108,5890 2048,5898 1988,5902 1928,5906 1868,5910 1808,5914 1748,5914 1688,5922 1628,5926 1568,5934 1508,5934 1448,5938 1388,5942 1328,5950 1268,5954 1208,5962 1148,5970 1088,5978 1028,5978 968,5982 908,5986 848,5994 788,5998 728,6002 668,6006 608,6014 592,6014"/>
                <Baseline points="592,6009 608,6009 668,6001 728,5997 788,5993 848,5989 908,5981 968,5977 1028,5973 1088,5973 1148,5965 1208,5957 1268,5949 1328,5945 1388,5937 1448,5933 1508,5929 1568,5929 1628,5921 1688,5917 1748,5909 1808,5909 1868,5905 1928,5901 1988,5897 2048,5893 2108,5885 2168,5881 2228,5877 2288,5873 2348,5869 2408,5865 2468,5861 2528,5857 2588,5853 2648,5849 2708,5845 2768,5841 2828,5837 2888,5829 2948,5825 3008,5821 3068,5813 3128,5809 3188,5805 3248,5805 3308,5797 3368,5789 3428,5785 3488,5781 3549,5777 3609,5773 3669,5765 3729,5765 3789,5761 3849,5761 3909,5753 3969,5749 4029,5745 4089,5741 4149,5741 4209,5741 4269,5745"/>
                <TextEquiv>
                    <Unicode>erinnern, dass ich Ihnen in unseren häufigen Gesprächen über die</Unicode>
                </TextEquiv>
            </TextLine>
            <TextLine id="tr_3_tl_37" custom="readingOrder {index:43;}">
                <Coords points="608,6076 660,6064 720,6064 780,6056 840,6052 900,6048 960,6040 1020,6036 1080,6032 1140,6028 1200,6024 1260,6016 1320,6012 1380,6004 1440,6000 1500,5996 1560,5992 1620,5988 1680,5984 1740,5980 1800,5976 1860,5972 1920,5968 1980,5968 2040,5960 2100,5956 2160,5948 2220,5940 2280,5940 2340,5936 2400,5928 2460,5928 2520,5924 2580,5924 2640,5916 2700,5912 2760,5912 2820,5904 2880,5896 2940,5892 3000,5888 3060,5880 3120,5880 3180,5876 3240,5872 3300,5872 3360,5864 3420,5860 3480,5856 3541,5848 3601,5844 3661,5844 3721,5840 3781,5840 3841,5840 3901,5832 3961,5824 4021,5820 4081,5816 4141,5816 4141,5866 4081,5866 4021,5870 3961,5874 3901,5882 3841,5890 3781,5890 3721,5890 3661,5894 3601,5894 3541,5898 3480,5906 3420,5910 3360,5914 3300,5922 3240,5922 3180,5926 3120,5930 3060,5930 3000,5938 2940,5942 2880,5946 2820,5954 2760,5962 2700,5962 2640,5966 2580,5974 2520,5974 2460,5978 2400,5978 2340,5986 2280,5990 2220,5990 2160,5998 2100,6006 2040,6010 1980,6018 1920,6018 1860,6022 1800,6026 1740,6030 1680,6034 1620,6038 1560,6042 1500,6046 1440,6050 1380,6054 1320,6062 1260,6066 1200,6074 1140,6078 1080,6082 1020,6086 960,6090 900,6098 840,6102 780,6106 720,6114 660,6114 608,6126"/>
                <Baseline points="608,6121 660,6109 720,6109 780,6101 840,6097 900,6093 960,6085 1020,6081 1080,6077 1140,6073 1200,6069 1260,6061 1320,6057 1380,6049 1440,6045 1500,6041 1560,6037 1620,6033 1680,6029 1740,6025 1800,6021 1860,6017 1920,6013 1980,6013 2040,6005 2100,6001 2160,5993 2220,5985 2280,5985 2340,5981 2400,5973 2460,5973 2520,5969 2580,5969 2640,5961 2700,5957 2760,5957 2820,5949 2880,5941 2940,5937 3000,5933 3060,5925 3120,5925 3180,5921 3240,5917 3300,5917 3360,5909 3420,5905 3480,5901 3541,5893 3601,5889 3661,5889 3721,5885 3781,5885 3841,5885 3901,5877 3961,5869 4021,5865 4081,5861 4141,5861"/>
                <TextEquiv>
                    <Unicode>»Beatrice« sagte, es müße nun etwas anderes kommen. Ich</Unicode>
                </TextEquiv>
            </TextLine>
            <TextEquiv>
                <Unicode>Lieber, wenn ein Werk von einem gutwilligen, unbeeinflußten Hörer seine&#13;
Wirkung verfehlt, dass muß das Werk daran irgendwie schuld sein. So habe&#13;
ich immer gedacht, und so denke ich auch heute. Da ich nun annehme,&#13;
dass Sie meinem Feuilleton ein gutwilliger, unbeeinflußter Leser waren,&#13;
so ist einfach mein Feuilleton mißlungen. Es kann offenbar nicht&#13;
anders sein.&#13;
Das Entscheidende ist mir: Sie fühlen sich verletzt, und: Sie haben durch mein&#13;
Reigen-Feuilleton eine bittere Stunde gehabt. Ich werde in meiner Antwort,&#13;
(die Sie doch erwarten?) auf nichts anderes Bedacht nehmen, als auf diese&#13;
beiden Umstände. Denn es war nicht meine Absicht, Sie zu verletzen,&#13;
und das Feuill. wurde nicht geschrieben, um die Stunde, in der Sie es&#13;
lesen, zu einer bitteren zu machen. Ganz im Gegentheil, wie Sie mir&#13;
hoffentlich glauben.&#13;
Wenn meine Arbeit trotzdem auf Sie gewirkt hat, dann ist eben »das« nicht&#13;
herausgekommen, was ich herausbringen wollte. Nachdem ich seit gestern diese&#13;
Sache ernsthaft überlegt habe, nachdem ich alle Empfindlichkeiten, die sich&#13;
regen wollten, und alle sonstigen Unterstimmen zum Schweigen gebracht habe,&#13;
bin ich zu diesem Resultat gelangt. Ich sehe heute zwar selbst noch nicht ge¬&#13;
nau, wo der Fehler stecken mag, aber ich zweifle nicht, dass ein Fehler an&#13;
meiner Arbeit vorhanden ist; ich will daran nicht zweifeln, und ich muß&#13;
nun versuchen, das Feuilleton zu erklären, außerdem aber auf eine Be¬&#13;
schuldigung, die Sie gegen mich erheben, antworten. Zwei schwere und&#13;
mißliche Dinge.&#13;
Zuerst also die Beschuldigung, ich hätte mündlich, und bisher auch öffentlich-kritisch&#13;
eine andere Meinung über Sie zum Ausdruck gebracht, als die in meinem Reigen¬&#13;
Feuilleton niedergelegte. Das sei unaufrichtig, und habe Sie verletzt.&#13;
Darauf ließe sich erwidern, dass ich jetzt sehr wol eine andere Meinung haben &#13;
könnte, ohne dass eine Unaufrichtigkeit mir deshalb vorzuwerfen wäre. Es&#13;
kommt ja, wenn man seine alten, gewohnten Urtheile über einen Künstler&#13;
nach Jahren wieder einmal versammelt, vor, dass die eine oder die andere der&#13;
früheren Meinungen einem inzwischen davongelaufen ist, sich nicht mehr &#13;
einstellen will, indessen andere, neue Anschauungen sich plötzlich ein¬&#13;
finden. So entstünde dann in der konzentrirten kritischen Arbeiten ein&#13;
verändertes Gesammtbild, und man dürfte deswegen von einer Unauf¬&#13;
richtigkeit noch nicht sprechen.&#13;
Bei mir ist aber nicht einmal das zutreffend. Was ich im »R.-F.« schrieb,&#13;
habe ich seit Jahren gedacht, und Ihnen mein Denken nicht vorent¬&#13;
halten. Sie müßen sich erinnern, wie oft ich Ihnen sagte, dass der&#13;
Anatol jetzt anders auf mich wirke, als vor 12 Jahren, und Sie müßen&#13;
sich erinnern, dass ich bei diesem Thema: Anatol, Märchen ec. ein¬&#13;
mal (es war in der Frankgaße) so heftig im Ausdruck wurde, dass&#13;
wir Beide darüber ins Lachen geriethen. Sie müßen sich ferner&#13;
erinnern, dass ich Ihnen in unseren häufigen Gesprächen über die&#13;
»Beatrice« sagte, es müße nun etwas anderes kommen. Ich</Unicode>
            </TextEquiv>
        </TextRegion>
    </Page>
</PcGts>
