3855 4218
1550 1185 2076 1245 Aust.

1930 2302 2156 2362 Herrn
2257 2317 2359 2377 D.
2370 2318 2698 2378 Arthur
2777 2315 3262 2375 Schnetzler

2070 2576 2363 2636 otun.
2403 2597 3194 2657 Lerenartodtrasse
3262 2483 3331 2636 1.

2696 2918 2919 2978 Wien

1390 1400 1411 1460 sesen
1417 1551 1444 1611 Tope
1453 2910 1471 2970 sine
1480 2910 1504 2970 nert
1513 2910 1571 2970 zuiagrz

1265 1372 1289 1432 geniz
1299 1372 1300 1432 ni
1322 2168 1324 2228 ma
1354 2965 1378 3025 sich,
1381 2965 1398 3025 mun
1408 2965 1416 3025 icb
1425 2965 1443 3025 mint

1139 1370 1146 1430 ee
1153 1370 1169 1430 eine
1178 1783 1198 1843 zus
1205 2921 1271 2981 inubrobib
1281 2921 1327 2981 weschacte

1032 1345 1055 1405 Woscz
1059 1345 1065 1405 es
1075 1470 1083 1530 sie
1089 2659 1107 2719 muso
1116 2910 1141 2970 wiien
1148 2910 1211 2970 is"brznaeh

926 2976 1048 3036 Fonnesuiobzergzies.
1050 2976 1067 3036 seif
1071 2976 1096 3036 ime

812 1320 827 1380 G-2
838 1320 852 1380 sin
859 1320 873 1380 vong
877 1379 899 3025 munst
904 3021 922 3081 vorm
931 3021 955 3081 gwzt
961 3021 967 3081 hl
978 3021 980 3081 0e

696 1320 698 1380 so
714 1320 732 1380 nun
743 2888 801 2948 wommeens
810 2888 821 2948 uab
830 2888 844 2948 bis
849 2888 859 2948 vom
863 2888 878 2948 iz

588 1295 602 1355 sie
611 2714 713 2774 numrmbwreni
723 2714 758 2774 meenn

409 1831 454 1891 Hir
461 1885 489 2925 ein
514 1885 542 2925 sie
559 2918 635 2978 vostigg
