6145 8170
719 1391 5119 1762 ner ganzen publizistischen Tätigkeit ist nichts vorhanden, was
713 1623 5258 1965 Ihnen ein Recht dazu gibt. Wenn Sie es trotzdem tun, dann lst es
730 1873 5160 2203 eben Ihre Gesinnung gegen mich, die nach einem schmähenden Aus¬
713 2058 5247 2394 druck langt, die aber ihren Schimpf gerne den Anschein einer hö¬
701 2255 5189 2580 heren Gerechtigkeit geben möchte. Leider kann ich Ihnen solchen
713 2464 5119 2829 Luxus nicht gestatten. Und ich habe für das Wort Unredlichkeit
707 2690 3223 2992 nur die eine Entgegnung: Frechheit.
1415 2818 5339 3200 Sie werfen mir vor, ich hätte die Premiere »beschrieben«
719 3055 5067 3415 ohne dabei gewesen zu sein. Diesem Vorwurf liesse sich selbst
713 3270 5316 3600 dann begegnen, wenn ich den Abend beschrieben hätte. Ich habe je¬
713 3507 5334 3821 doch aus Berichten, die übereinstimmend in allen Zeltungen zu le¬
730 3699 5131 4052 sen waren, wie nach absolut glaubwürdigen Privatnachrichten in
701 3884 5253 4255 knapp zehn Zellen konstatiert, dass dieser Vorfall sich ereignet
719 4099 5357 4452 hat. Mehr nicht. Dieser laute und überall besprochene Vorfall bil¬
719 4331 5009 4650 dete den äusserlichen Ausgangsgunkt meines Artikels. Deshalb
719 4505 5276 4876 musste dieser Vorfall auch am Anfange des Artikels konstatierend
725 4719 5345 5119 erwähnt werden. Das ist eine Sache der Technik, von der ich aller¬
725 4928 5386 5328 dings glaube, dass Sie sie nicht verstehen. Ich bin aber gar nicht
719 5160 5125 5519 mehr im Zweifel darüber, dass Sie den Unterschied zwischen Be¬
725 5363 5206 5693 schreiben und Konstatieren diesmal absichtlich verwechsein. Und
730 5577 5345 5942 ich welss, dass Sie mala fide handeln, wenn Sie mir zumuten, (Sie
736 5786 5305 6134 mir) ich hätte nach einem Berliner Theaterskandal geschnappt, um
742 5971 4302 6325 ihn zum Gegenstand einer »Schilderung« zu machen!
1426 6145 5229 6528 Damit allein aber geben Sie sich nicht zufrieden. Sie
725 6360 5229 6742 müssen noch sagen, ich hätte »schön« »anschaulich« beschrieben,
742 6569 5305 6951 müssen das Wort Poesie unter Anführungszeichen setzen und hoffen
748 6771 5328 7166 dabei, das werde mich treffen, weil es gegen Dinge in mir gerich¬
759 6986 5189 7403 tet ist, die mir am wertvollsten sind und von denen im Umkreis
754 7189 5386 7560 meiner Tagesarbeit sprechen zu lassen, mir empfindlich sein kann.
