4223 4459
3242 1352 3366 1412 N.
3377 1356 3625 1416 R.2.

713 1765 1066 1825 Liber,

1191 1851 1706 1911 vielleiicht
1804 1837 2149 1897 haebeis
2221 1829 2327 1889 Sie
2407 1823 2612 1883 noch
2700 1815 2967 1875 mie
3046 1796 3712 1856 BrielSchren

612 2022 730 2082 der
796 2025 1562 2085 Lieberschgab
1667 2015 1719 2075 es
1798 2005 2075 2065 Inen
2154 2000 2642 2060 damals,
2656 2002 2760 2062 ab
2841 1992 2920 2052 es
2985 1978 3407 2038 erschut
3526 1944 3776 2004 Atte

595 2187 724 2247 dies
788 2184 1069 2244 geseite
1166 2173 1597 2233 Asnabe
1693 2156 1824 2216 bis
1888 2140 3332 2200 Asgkächrzusammmen,
3364 2093 3559 2153 mit
3634 2061 3774 2121 ver

640 2343 1325 2403 Glaogeit
1427 2308 1588 2368 hib
1718 2293 1834 2353 in
1908 2282 2215 2342 Ienen
2287 2276 2825 2336 dedeziest.
2868 2252 3073 2312 Jetzt
3160 2246 3249 2306 ist
3365 2226 3524 2286 das
3584 2220 3874 2280 inn

604 2479 851 2539 Buch
999 2467 1233 2527 lotal
1346 2443 1961 2503 venguiffen,
1982 2437 2067 2497 ich
2186 2413 2689 2473 beauchees
2759 2395 3197 2455 diiegent
3275 2377 3459 2437 und
3572 2356 3763 2416 kan

631 2633 644 2693 e
761 2593 1951 2653 ningendiserregen.
1990 2557 2265 2617 Wenn
2343 2547 2447 2607 Sie
2526 2542 2592 2602 es
2671 2538 2879 2598 noch
2998 2514 3323 2574 haben
3429 2499 3612 2559 ut
3690 2493 3716 2553 de

659 2759 807 2819 git
888 2745 1092 2805 rech
1186 2726 1605 2786 vollen,
1619 2717 1632 2777 e
1727 2705 1929 2765 mit
1998 2687 2159 2747 her
2253 2683 2457 2743 zien
2551 2664 2957 2724 Wochee
3051 2655 3078 2715 zu
3240 2625 3646 2685 leineln

610 2901 888 2961 wore
989 2877 1105 2937 sich
1209 2861 1397 2921 sehr
1501 2834 1982 2894 dankbar
2114 2817 2245 2877 Sie
2332 2782 2990 2842 bekeoemen
3063 2758 3792 2818 esduenseischo

655 3023 932 3083 zuäck

2253 2946 2851 3006 Herzlickn

2964 2962 3065 3022 Ir

2950 3130 3649 3190 Freudalm
