3747 3274
423 1062 3473 1207 Lieber Freund, den Gedanken an eine Radtour scheinen
411 1157 3423 1342 Sie selbst aufgegeben zu haben, - nun, ich hätte auch nur
382 1262 3339 1461 sehr schwer abkommen können, und es ist mir ganz
396 1354 3223 1571 recht. Sind Sie dafür im September oder halben Oktober
429 1432 3456 1694 vielleicht für Ragusa zu haben? Ich möchte gerne auf
405 1542 3429 1813 acht Tage dahingehen. In der nächsten Woche komme
417 1662 3417 1938 ich vermutlich auf einen od. zwei Tage nach Ischl.
444 1769 3396 2049 Ich zeige Ihnen das jedenfalls noch genau an. Haben
429 1871 3387 2177 Sie heute das Feuilleton von Franz Servaes gelesen? »De¬
426 1963 3372 2300 cadence Romane« - - Die Neue freie Presse brauchte
453 2091 3330 2410 für den alternden Karl v. Thaler einen Ersatz und
453 2208 3187 2514 hat ihn in Servaes gefunden, nur dass mir
507 2357 3247 2613 Servaes mit seinem Orientirtsein noch eckel¬
