2085 2492
1199 230 1687 290 Wien,9.3.1925.

273 371 393 431 Mein
439 373 631 433 lieber
672 374 904 434 Freund.

544 517 625 577 Mir
676 519 745 579 ist
777 523 896 583 ,als
939 524 1129 584 hätte.
1214 518 1276 578 Du
1326 521 1419 581 den
1463 524 1856 584 eigentlicher

308 566 421 626 Sinn
474 568 552 628 und
605 569 765 629 Zweck
807 571 997 631 meines
1044 569 1163 629 Glüc
1231 573 1725 633 unschschreibens
1774 572 1928 632 miss-

316 620 441 680 verst
471 620 727 680 anden.Es
769 619 870 679 war
905 619 923 679 a
977 620 1167 680 priori
1212 622 1362 682 nicht
1401 623 1896 683 anzunehmen,dass

1199 673 1285 733 bst
1336 671 1428 731 und
1474 671 1594 731 über
1640 671 1892 731 einander
709 664 759 724 ch
808 670 929 730 über
973 670 1061 730 uns
303 673 493 733 wir,Du
540 668 635 728 und
1105 676 1124 736 S

309 719 374 779 al
458 719 634 779 jechzi
653 725 882 785 gjährige
930 722 1148 782 wesentl
1178 722 1245 782 ich
1299 722 1493 782 anders
1535 722 1722 782 denken
1771 721 1898 781 soll

303 772 528 832 ten,als
570 773 668 833 wi.
701 778 788 838 vor
840 772 887 832 10
938 769 1060 829 oder
1107 769 1159 829 15
1200 769 1391 829 Jahren
1438 771 1658 831 gedacht
1705 769 1925 829 haben;-

307 817 388 877 und
434 817 487 877 es
539 818 619 878 ist
666 820 927 880 möglich,
938 820 1054 880 dass
1106 820 1263 880 meine
1303 820 1524 880 Ansicht
1576 818 1698 878 über
1738 818 1825 878 die

423 869 524 929 und
570 868 655 928 das
701 868 916 928 Ausmass
966 868 1160 928 Deiner
1199 869 1454 929 Begabung
1505 869 1562 929 so
1601 869 1754 929 wenig
1806 868 1896 928 zu-

305 918 358 978 tI
374 919 618 979 ifft,als
666 920 758 980 das
800 920 959 980 Deine
1008 920 1130 980 über
1179 919 1307 979 mich
1349 919 1429 979 und
1477 919 1636 979 meine
1679 921 1874 981 Werke.

1699 1017 1823 1077 da-
628 1019 928 1079 edesfalls
1114 1016 1120 1076 t
1156 1018 1247 1078 die
1291 1022 1688 1082 Entscheidung

1629 1069 1719 1129 mir
1763 1063 1893 1123 fer¬
1429 1070 1524 1130 lie
1041 1067 1149 1127 iden
1206 1067 1286 1127 und
299 1064 457 1124 rüber
504 1067 663 1127 nicht
710 1068 792 1128 bei
845 1072 892 1132 un

322 1120 350 1180 e
400 1117 551 1177 heute
606 1115 730 1175 über
768 1117 925 1177 diese
972 1118 1149 1178 Fragen
1206 1117 1314 1177 eine
1360 1120 1686 1180 Diskussion
1743 1118 1788 1178 zu
1840 1113 1931 1173 er-

567 1154 626 1214 30
315 1166 558 1226 öffnen,d
659 1166 769 1226 doch
828 1165 991 1225 aller
1032 1166 1388 1226 Voraussicht
1434 1169 1557 1229 nach
1603 1171 1761 1231 nicht
1813 1168 1860 1228 zu

298 1219 457 1279 einer
500 1212 567 1272 Ei
562 1219 759 1279 nigung
804 1219 995 1279 führen
1040 1218 1262 1278 dürfte.

1238 1315 1282 1375 on
1332 1318 1416 1378 mir
1466 1315 1589 1375 mehr
1638 1312 1756 1372 oder
589 1312 614 1372 b
659 1313 754 1373 Dir
798 1316 926 1376 eine
963 1318 1122 1378 Arbei

418 1363 453 1423 er
500 1364 758 1424 gelungen
805 1366 992 1426 schein
1051 1363 1162 1423 -ob
1229 1368 1280 1428 ch
1326 1364 1377 1424 De
1406 1364 1527 1424 inen
1566 1365 1858 1425 menschli-

297 1415 420 1475 chen
460 1414 583 1474 wert
630 1414 717 1474 und
758 1415 922 1475 Deine
968 1417 1592 1477 schriftstellerische
1659 1418 1915 1478 edeutung

1648 1465 1743 1525 lich
1801 1465 1884 1525 poe
300 1466 448 1526 darin
496 1465 602 1525 ausg
638 1465 851 1525 edrückt
898 1466 1183 1526 finde,was
1230 1466 1319 1526 man
1366 1464 1622 1524 gemeinig

1647 1515 1716 1575 ich
1760 1514 1923 1574 nicht
1158 1510 1213 1570 in
1262 1514 1450 1574 andern
1493 1515 1515 1575 a
345 1516 516 1576 isches
562 1514 756 1574 Talent
801 1514 996 1574 nennt,
1007 1516 1127 1576 oder

336 1564 483 1624 inder
529 1565 887 1625 hochzuschät
909 1564 1091 1624 zenden
1131 1564 1415 1624 Elementen
1466 1564 1653 1624 Deines
1698 1564 1886 1624 Wesens

303 1611 456 1671 umI
467 1615 509 1675 ei
532 1615 621 1675 ner
663 1613 1083 1673 Begabung,-das
1131 1612 1291 1672 kommt
1333 1612 1427 1672 für
1468 1612 1617 1672 meine
1664 1612 1889 1672 Empfin-

298 1665 439 1725 dung
571 1663 977 1723 gegenwärtigen
1030 1666 1215 1726 Moment
1262 1667 1482 1727 unseres
1535 1667 1581 1727 Le
1611 1666 1720 1726 bens
1767 1666 1924 1726 nicht

295 1713 413 1773 mehr
463 1714 514 1774 in
559 1714 856 1774 Betracht.

662 1811 735 1871 Was
790 1811 882 1871 ich
931 1813 980 1873 in
1029 1813 1219 1873 meinem
1263 1813 1422 1873 Brief
1548 1816 1712 1876 sagen
1769 1811 1896 1871 oder

1434 1862 1441 1922 N
1471 1860 1535 1920 ist
1567 1860 1587 1920 :
1631 1862 1761 1922 dass
435 1862 548 1922 sens
592 1861 912 1921 anzudeuteh
961 1861 1417 1921 versuchte,-das

551 1910 763 1970 unsereh
821 1910 1109 1970 Meinungen
1162 1909 1238 1969 und
1292 1909 1415 1969 Urte
1444 1909 1592 1969 ilen,
1647 1907 1741 1967 igen
1797 1911 1885 1971 sie
1680 1956 1816 2016 und

404 1958 701 2018 irrtümlich
760 1958 885 2018 sein
938 1960 1051 2020 oder
1098 1960 1549 2020 nicht,zwischen
266 1961 356 2021 nun

260 2005 356 2065 mir
393 2008 520 2068 eine
562 2009 617 2069 Be
641 2009 859 2069 ziehung
896 2009 1120 2069 bestænd
1169 2008 1247 2068 und
1302 2006 1393 2066 für
1435 2006 1556 2066 mein
1599 2005 1793 2065 Gefühl

922 2056 973 2116 ie
1023 2054 1081 2114 in
1126 2054 1285 2114 einer
1325 2054 1643 2114 seelischen
1694 2056 1773 2116 und
1824 2054 1938 2114 gei-
262 2057 379 2117 noch
426 2054 585 2114 immer
625 2056 661 2116 be
696 2056 889 2116 steht,

964 2105 1182 2165 unserer
1228 2105 1549 2165 Jugendjahr
1596 2104 1831 2164 wurzelt
263 2107 443 2167 stigen
497 2107 894 2167 Gemeinsakei

263 2167 340 2227 und
393 2167 553 2227 somit
595 2165 885 2225 als,Idee"
933 2164 1318 2224 unzerstörbar
1371 2162 1412 2222 is
1442 2162 1584 2222 t,mag
1632 2162 1715 2222 sie
1762 2161 1886 2221 auch
