2086 2492
343 355 407 415 ür
453 355 530 415 die
582 355 803 415 äussere
850 356 1182 416 Gestaltung
1224 356 1445 416 unseres
1492 358 1900 418 Verhältnisses

336 403 365 463 zu
411 403 598 463 meinem
644 405 900 465 Bedauern
952 407 1103 467 keine
1150 408 1441 468 genügende
1481 409 1807 469 aufbauende

311 454 469 514 Kraft
511 455 640 515 mehr
686 457 722 517 be
751 457 974 517 sitzen.

716 549 1138 609 Trotzdem(oder
1179 553 1477 613 deswegen)
1518 551 1702 611 könnte
1749 551 1868 611 auch

320 598 394 658 ich
444 598 569 658 mich
614 601 869 661 versucht
909 602 1096 662 fühlen
1146 601 1232 661 ein
1277 601 1401 661 Wort
1441 601 1532 661 aus
1577 601 1736 661 einem
1781 596 1866 656 mei

308 646 397 706 ner
439 646 628 706 Stücke
681 647 735 707 zu
782 648 1167 708 zitieren,wie
1208 650 1268 710 Du
1315 650 1369 710 es
1416 651 1564 711 getan
1623 652 1872 712 -Hofrei-

315 702 398 762 ter
440 702 694 762 spirubbt
742 702 795 762 es
848 702 896 762 im
949 702 1163 762 „Weiten
1216 702 1365 762 Land"
1412 702 1536 762 aus,
1548 702 1666 762 dass
1714 702 1767 762 es

307 747 519 807 nämlich
574 747 862 807 überhaupt
910 746 999 806 nur
1047 746 1198 806 ewige
1246 745 1397 805 Liebe
1452 745 1534 805 und
1582 745 1739 805 ewige

303 795 484 855 Freund
510 795 698 855 schaft
743 795 859 855 gebe
911 796 1060 856 Jauch
1111 796 1234 856 wenn
1280 796 1370 856 die
1409 797 1636 857 Freunde
1681 797 1842 857 durch

307 846 384 906 die
432 846 587 906 Macht
635 845 724 905 der
766 844 1022 904 Umstände
1070 843 1361 903 gedrungen
1409 842 1457 902 se
1492 842 1528 902 in
1576 841 1796 901 sollten

307 897 415 957 sich
469 897 834 957 gegenseitig
882 897 1336 957 totzuschiessen
1396 897 1504 957 (ich
1558 897 1773 957 zitiere

297 945 626 1005 ungenau));
644 945 661 1005 -
702 945 785 1005 und
838 944 896 1004 so
938 944 1102 1004 musst
1143 944 1196 1004 Du
1243 944 1302 1004 es
1343 943 1437 1003 Dir
1478 943 1637 1003 schon
1683 943 1777 1003 ge-

307 998 492 1058 fallen
539 997 759 1057 lassen,
771 996 893 1056 dass
939 996 1026 1056 ich
1073 995 1200 1055 mich
1241 995 1363 1055 auch
1403 994 1693 1054 weiterhin
1740 993 1832 1053 mit

336 1045 688 1105 neuerlichen
734 1045 1160 1105 Glückwünschen
1206 1045 1291 1105 und
1337 1045 1564 1105 Grüssen
1604 1043 1661 1103 De
1689 1043 1791 1103 inen

342 1093 522 1153 Freund
568 1094 859 1154 nenne,wie
911 1094 957 1154 in
1004 1093 1184 1153 fernen
1236 1091 1590 1151 Jugendtagen
1648 1093 1822 1153 -(Ohne

298 1147 653 1207 mörderische
704 1145 787 1205 und
843 1145 954 1205 ohne
1004 1145 1388 1205 seutimentale
1437 1145 1865 1205 Consequenzen)

629 1247 961 1307 Herzlichst
1031 1246 1163 1306 Dein

1226 1348 1361 1408 A.S.
