3760 5479
421 532 756 592 bin
822 542 933 602 ich
1013 546 1238 606 ſehr
1429 543 1670 603 froh
1765 538 2038 598 über
2245 536 2470 596 alle
2630 552 3030 612 Deine

394 775 970 835 neuen
1123 770 1605 830 Pläne
1777 749 2027 809 von
2152 730 2556 790 denen
2749 715 2931 775 Du

372 989 1164 1049 ſchreibſt.
1243 970 1507 1030 Aber
1599 964 1864 1024 auch
1943 962 2260 1022 ſonſt
2367 973 3172 1033 (unberufen

404 1217 590 1277 iſt
683 1214 790 1274 es
895 1214 1535 1274 prächtig,
1628 1214 1906 1274 wie
2013 1211 2226 1271 ſich
2360 1207 2439 1267 ſo
2599 1199 2625 1259 M

385 1453 966 1513 Vieles
1051 1446 1169 1506 in
1288 1441 1502 1501 Dir
1675 1431 1976 1491 regt
2170 1428 2384 1488 und
2589 1435 2890 1495 wie

377 1652 592 1712 es
683 1662 933 1722 aus
1047 1664 1275 1724 Dir
1456 1659 1548 1719 ſo
1672 1654 1946 1714 reich
2081 1663 2990 1723 herausbliht

1004 1883 1433 1943 Was
1519 1885 1662 1945 Du
1777 1879 2043 1939 über
2187 1876 2348 1936 die
2501 1886 3178 1946 Disciplin

400 2080 799 2140 beim
957 2088 1464 2148 Schaffen
1556 2088 2063 2148 ſagſt,
2102 2088 2250 2148 iſt
2355 2094 2609 2154 ſehr
2714 2111 3087 2171 ſchön

425 2296 740 2356 aber
844 2302 961 2362 ich
1086 2304 1621 2364 meine,
1675 2302 1779 2362 es
1906 2300 2430 2360 ſtimmt
2608 2307 3133 2367 nicht,

418 2514 875 2574 Man
992 2510 1202 2570 ſoll
1347 2507 1529 2567 ſich
1674 2504 1975 2564 nicht
2118 2504 2209 2564 ſo
2354 2510 3164 2570 fataliſtit

447 2768 1192 2828 hinſetzen
1386 2773 1620 2833 und
1787 2764 2228 2824 einfach
2324 2758 2545 2818 das
2657 2760 2919 2820 aus

404 3001 633 3061 ſich
726 3005 1760 3065 herausfließen
1855 2995 2446 3055 laſſen,
2512 2994 2876 3054 was

386 3218 572 3278 in
697 3203 1163 3263 Einem
1246 3200 1786 3260 liegt.
1963 3204 2295 3264 Was
2419 3204 2564 3264 in
2678 3201 2927 3261 Dir

466 3440 1118 3500 liegt,
1161 3434 1305 3494 iſt
1422 3426 1538 3486 zu
1712 3414 2206 3474 einem
2393 3420 2944 3480 Zehutel

413 3674 1158 3734 vielleicht
1305 3656 1993 3716 Natur,
2097 3645 2227 3705 zu
2476 3640 2902 3700 mut

373 3894 951 3954 neue
1105 3898 1696 3958 Zehuteln
1807 3883 2073 3943 aber
2208 3878 2618 3938 das,
2708 3900 3097 3960 was

455 4104 645 4164 Du
822 4100 941 4160 in
1102 4098 1352 4158 Dich
1471 4103 2501 4163 hineingelegt
2693 4148 3119 4208 haſt.

424 4340 762 4400 Der
859 4358 1669 4418 Schriftſteler
1923 4358 2045 4418 iſt
2165 4360 2443 4420 doch
2577 4371 2819 4431 ein

401 4597 1147 4657 Product
1263 4598 1506 4658 aus
1642 4591 2127 4651 Natur
2340 4579 2583 4639 und
2728 4571 3009 4631 aus

464 4808 718 4868 ſich
793 4804 1212 4864 ſelbſt.
1316 4802 1422 4862 Er
1496 4802 1632 4862 iſt
1765 4802 1886 4862 in
1992 4815 3174 4875 fortwährender

489 5027 1713 5087 Entwickelung
1868 5041 2820 5101 begriffen;
2926 5061 3152 5121 und
