3754 5480
428 730 660 790 ich
756 721 1243 781 wieder
1378 720 1708 780 nach
1844 736 2697 796 Rtenlaii,
2794 786 3124 846 vor

441 944 662 1004 da
846 946 1165 1006 nach
1386 942 2258 1002 Thanghas
2430 957 2983 1017 zurück

408 1203 902 1263 Was
1102 1179 1522 1239 dann
1616 1165 2288 1225 werden
2541 1154 3014 1214 wird

409 1400 668 1460 iſt
742 1390 1458 1450 unklar;
1582 1370 1841 1430 und
2052 1357 2582 1417 dunkel
2682 1359 2841 1419 iſt
2978 1374 3298 1434 auch

407 1616 836 1676 was
992 1621 1314 1681 nach
1397 1609 2005 1669 meiner
2268 1600 3008 1660 Rückkehr

440 1865 1170 1925 geſchehen
1286 1858 1666 1918 ſoll.
1812 1855 2046 1915 In
2176 1854 2731 1914 Wien

435 2160 1284 2220 bleiben?
1480 2134 1821 2194 Was
1938 2113 2147 2173 ſoll
2266 2099 2382 2159 ich
2553 2087 2749 2147 in

419 2401 1022 2461 einem
1181 2380 1691 2440 Lande
1903 2360 2644 2420 machen,
2708 2356 2941 2416 wo

376 2616 858 2676 man
947 2607 1137 2667 die
1277 2598 1722 2658 Leute
1874 2598 2750 2658 einſperrt,
2839 2638 3258 2698 wen

376 2863 686 2923 ſie
805 2852 1062 2912 vor
1277 2844 1546 2904 dem
1856 2842 3027 2902 Sakrament

356 3101 807 3161 nicht
903 3085 1095 3145 den
1191 3077 1438 3137 Hut
1533 3072 2356 3132 abnehmen?
2603 3076 2767 3136 Ich

436 3315 1154 3375 glaube,
1195 3306 1331 3366 in
1498 3297 1830 3357 vier
2017 3290 2631 3350 Wochen
2798 3316 3266 3376 wäre

390 3544 652 3604 ich
730 3540 1729 3600 ausgewieſen
1820 3523 2136 3583 oder
2530 3517 2766 3577 in

472 3792 1579 3852 Gefängniß.
1711 3769 2009 3829 Und
2128 3758 2571 3818 wem
2727 3772 3053 3832 fehle

384 4028 600 4088 ich
715 4029 860 4089 in
990 4022 1554 4082 Wien?
1827 4008 2274 4068 Dir?
2491 4010 2649 4070 Es
2766 4020 2953 4080 iſt

381 4275 710 4335 ſehr
824 4262 1235 4322 lieb,
1351 4248 1580 4308 daß
1778 4240 1943 4300 Du
2172 4242 2435 4302 das
2584 4270 3044 4330 ſagſt

441 4520 855 4580 Aber
962 4518 1095 4578 ich
1203 4520 1230 4580 d
1550 4523 1939 4583 weiß
2140 4524 2568 4584 nicht,
2635 4517 2782 4577 ob

413 4750 656 4810 es
778 4767 1039 4827 gut
1199 4776 1817 4836 wäre,
1928 4769 2444 4829 wenn
2602 4754 2892 4814 wir

1935 4996 2288 5056 ier
2558 4994 3004 5054 Stadt
434 5018 1457 5078 wieder¬
