3768 5475
1604 438 1846 498 18.
1908 473 2328 533 Oktober.
2399 490 2542 550 An
2623 495 2846 555 Bord
2954 496 3114 556 der

538 671 1175 731 »Aeping,
1269 686 1745 746 zwiſchen
1853 681 2192 741 Sahu
2261 680 2451 740 und
2545 690 3128 750 Sschifu.

919 1312 1389 1372 Mein
1541 1328 1885 1388 lieber
2038 1339 2673 1399 Freund,

561 1703 777 1763 Da
922 1708 1029 1768 ich
1137 1713 1618 1773 fürchte,
1690 1716 1858 1776 daß
1967 1718 2158 1778 Dir
2327 1722 3203 1782 beifolgendes

529 1943 1467 2003 Feuilleton
1622 1956 2350 2016 entgängen
2416 1951 2618 2011 iſt,
2695 1946 3053 2006 ſende

534 2126 773 2186 ich
864 2137 955 2197 es
1047 2145 1241 2205 Dir
1456 2156 1627 2216 der
1787 2166 2482 2226 Sicherheit
2665 2173 3040 2233 halber
3155 2176 3359 2236 zu¬

511 2336 721 2396 Ich
838 2353 1207 2413 denke
1323 2366 1566 2426 mir
1809 2374 1904 2434 es
2105 2380 2453 2440 wiad
2591 2386 2770 2446 Dir
2929 2392 3235 2452 recht

499 2568 1359 2628 kommern
1504 2589 1881 2649 jetzt,
1958 2590 2172 2650 wo
2364 2590 2520 2650 Du
2712 2591 2945 2651 mit
3051 2602 3389 2662 einer

497 2771 1057 2831 Arbeit
1159 2781 1416 2841 über
1633 2775 1790 2835 die
1892 2768 2783 2828 Renaissance
2825 2815 3430 2875 beſchäftigt

532 2966 897 3026 biſt.
949 2976 1106 3036 Ich
1210 2981 1419 3041 habe
1523 2985 1732 3045 ſeit
1863 2988 2502 3048 Langem
2646 2996 3011 3056 nichts
3116 3005 3207 3065 ſo

543 3196 1184 3256 Schönes
1392 3225 1628 3285 über
1784 3229 2126 3289 dieſe
2308 3234 2570 3294 Zeit
2701 3256 3329 3316 geleſen.

518 3437 921 3497 Auch
1034 3454 1173 3514 iſt
1275 3464 1552 3524 eine
1716 3471 2512 3531 Definition
2689 3474 2891 3534 des

562 3691 1179 3751 Styls«
1389 3683 2520 3743 vonFeuerbact
2625 3677 3127 3737 darin

437 3917 1116 3977 citirt,
1141 3909 2255 3969 derentwegen
2396 3919 2796 3979 allein
2912 3931 3054 3991 es
3182 3947 3382 4007 ſich

473 4158 889 4218 ſchon
975 4153 1753 4213 verlohnt,
1854 4135 2040 4195 Dir
2199 4131 2530 4191 dieſe
2703 4168 3450 4228 Feuilleſon

540 4366 836 4426 der
952 4393 1906 4453 Frankfurter
2100 4405 2757 4465 Zeitung
2886 4406 3157 4466 auf

516 4610 897 4670 Deim
1058 4636 1738 4696 Umweg
1948 4638 2232 4698 über
2417 4640 2639 4700 das
2824 4652 3232 4712 Gelbe

584 4865 1131 4925 Mier
1286 4884 1622 4944 nach
1763 4883 2241 4943 Wien
2324 4882 2449 4942 zu
2646 4894 3404 4954 ſchicken.
