3758 5488
531 786 1228 846 dringt,
1302 782 1407 842 ſo
1554 769 2133 829 könnte
2295 760 2430 820 es
2593 770 3335 830 geſchehen,

572 1046 878 1106 daß
1017 1050 1170 1110 ich
1306 1040 1632 1100 nach
1822 1013 2403 1073 ſékeig
2508 1009 3089 1069 einfach

555 1319 1008 1379 kurz
1117 1312 1791 1372 abbreche
1980 1301 2294 1361 und
2545 1307 3154 1367 heinke
3205 1376 3368 1436 Ern

1969 1562 2547 1622 geſehen
2651 1564 2799 1624 zu
2960 1611 3429 1671 haben,
573 1642 1018 1702 ohne
1180 1626 1654 1686 Japan

563 1923 1040 1983 das
1253 1890 1783 1950 wäre
1983 1870 2223 1930 ein
2502 1855 3298 1915 ſchweres

533 2166 1282 2226 Opfer,
1351 2144 1630 2204 aber
1961 2131 2085 2191 es
2171 2130 2362 2190 iſt
2520 2134 2937 2194 nicht

552 2421 1623 2481 numöglich,
1720 2386 1992 2446 daß
2153 2378 2311 2438 ich
2472 2379 2617 2439 es
2760 2401 3400 2461 Bringen

498 2720 1067 2780 muß.
1256 2692 1447 2752 In
1652 2648 2207 2708 dieſem
2349 2618 2808 2678 Falle
2918 2643 3393 2703 wäre

521 2990 815 3050 ich
951 2959 1369 3019 etwa
1616 2920 1850 2980 im
2058 2880 2871 2940 Februar

530 3238 1207 3298 wieder
1355 3213 1537 3273 in
1739 3181 2437 3241 Europa.
2564 3181 3335 3241 Jedenfalls

557 3511 998 3571 bitte
1125 3497 1297 3557 ich
1453 3483 1753 3543 Dich
1965 3462 2321 3522 nur
2635 3437 3147 3497 nur,

581 3814 1026 3874 noch
1208 3799 1469 3859 bis
1622 3770 2022 3830 Ende
2206 3726 2926 3786 Oktober

614 4120 1049 4180 nach
1149 4118 1989 4178 Shanghei
2091 4122 2241 4182 zu
2374 4124 3214 4184 ſchreiben.

574 4439 1070 4499 Was
1244 4423 1463 4483 bis
1580 4412 1987 4472 zum
2163 4406 2439 4466 20.
2468 4414 3183 4474 Oktober

609 4738 1004 4798 von
1097 4725 1508 4785 Wien
1616 4701 2240 4761 abgeht,
2346 4693 3018 4753 erreicht

2423 4989 2687 5049 in
2820 5007 3248 5067 China
661 5028 1111 5088 mich
1219 5021 1625 5081 ſicher
1779 5012 1920 5072 in
