3966 5841
968 798 1302 858 Mit
1384 813 1575 873 dem
1738 824 2155 884 kleinen
2228 826 2791 886 Fräulein
2944 821 3044 881 in

617 1050 1040 1110 Prag
1126 1048 1301 1108 hat
1513 1050 1662 1110 die
1738 1052 2036 1112 Sache
2111 1056 2286 1116 ein
2484 1055 2784 1115 Jahes
2945 1045 3231 1105 hnde

662 1258 1578 1318 genommen.
1705 1254 1819 1314 Ich
1887 1252 2243 1312 bekam
2311 1252 2494 1312 ihre
2655 1267 3445 1327 Photographie

704 1464 928 1524 Ich
1008 1481 1279 1541 war
1425 1494 1809 1554 gerade
1921 1496 2136 1556 ſehr
2225 1490 2699 1550 einſam
2880 1475 3117 1535 und

712 1670 1001 1730 das
1115 1682 1311 1742 Bild
1477 1691 1757 1751 war
1942 1696 2129 1756 ſehr
2211 1696 2532 1756 lieb.
2676 1691 2925 1751 Das
3028 1683 3256 1743 gug

588 1884 895 1944 nur
1036 1905 1267 1965 tief
1381 1911 1498 1971 zu
1689 1911 2227 1971 Herzen,
2369 1904 2598 1964 und
2740 1899 2855 1959 ich
2996 1899 3444 1959 machte

561 2120 1044 2180 einige
1234 2120 1654 2180 Verſe.
1738 2120 1948 2180 Sit
2053 2120 2169 2180 ich
2253 2122 2863 2182 dieſelben
2988 2126 3398 2186 abge¬

596 2352 1157 2412 ſandt,
1216 2343 1333 2403 iſt
1452 2338 1590 2398 die
1768 2330 2732 2390 Correſpondenz
2820 2347 3579 2407 abgebrochen

581 2541 880 2601 Das
975 2546 1190 2606 thut
1359 2550 1566 2610 mir
1743 2552 1950 2612 ſehr
2127 2552 2474 2612 weh,
2531 2552 2550 2612 e
2737 2550 2906 2610 vor
3000 2546 3403 2606 Allen

516 2773 1087 2833 wegen
1169 2776 1305 2836 des
1503 2772 2116 2832 Affronts,
2209 2767 2355 2827 der
2510 2764 2853 2824 darin
2946 2764 3372 2824 diegt.

593 2986 841 3046 Ich
897 2983 1180 3043 ſende
1293 2980 1497 3040 Dir
1632 2978 1971 3038 anbei
2095 2978 2243 3038 die
2457 2981 2931 3041 Verſe.
3057 2988 3181 3048 Es

517 3206 740 3266 iſt
840 3211 1041 3271 jetzt
1140 3214 1375 3274 hier
1542 3210 1621 3270 ſo
1799 3207 2057 3267 viel
2245 3202 2503 3262 von
2658 3205 3540 3265 Sachverſtag¬

543 3409 962 3469 digen
1069 3414 1218 3474 die
1412 3420 1799 3480 Rede;
1981 3422 2089 3482 ich
2175 3422 2400 3482 ruhe
2551 3419 2775 3479 Dich
2927 3413 3098 3473 als

625 3648 1253 3708 Céperten
1330 3644 1637 3704 an,
1726 3639 1968 3699 und
2123 3634 2277 3694 Du
2508 3625 2827 3685 ſollſt
2938 3618 3311 3678 nir,

659 3865 1171 3925 ſagen,
1280 3856 1365 3916 ob
1573 3853 1891 3913 das,
1927 3852 2221 3912 was
2354 3852 2476 3912 ich
2587 3852 2672 3912 da
2830 3856 3502 3916 geſchrieben

614 4106 1038 4166 habe,
1167 4083 1800 4143 verletzend
1999 4062 2232 4122 oder
2371 4053 2864 4113 laktlos
2960 4053 3202 4113 iſt.

657 4298 1129 4358 Bitte,
1159 4292 1481 4352 ſende
1652 4285 1904 4345 mir
2096 4280 2216 4340 die
2346 4278 2649 4338 Verſe
2740 4290 3323 4350 zurück.

664 4498 868 4558 Ich
940 4496 1433 4556 komme
1699 4494 1935 4554 mir
2120 4494 2396 4554 recht
2520 4496 3073 4556 ekelhaft
3197 4502 3514 4562 vor,

562 4720 835 4780 daß
961 4724 1059 4784 ich
1146 4722 1214 4782 ſo
1429 4716 1819 4776 mein
2024 4708 2365 4768 volles
2580 4707 2852 4767 Herz

521 4945 756 5005 zu
904 4922 1424 4982 Markte
1552 4918 1886 4978 trage
2043 4924 2279 4984 und
2386 4928 2474 4988 es
2671 4937 3054 4997 einer

581 5184 1034 5244 Jeden
1100 5163 1598 5223 anbiete.
1738 5153 1944 5213 Aber
2030 5152 2128 5212 ich
2214 5150 2377 5210 habe
2441 5150 2615 5210 ein
2744 5154 3080 5214 ſolches
