3763 5476
1683 509 2395 569 Iskirg,
2440 541 2623 601 16.
2656 560 3210 620 Ottober.

867 967 1355 1027 Mein
1480 976 1833 1036 lieber
2003 974 2629 1034 Freund,

546 1263 971 1323 Alle
1058 1289 1411 1349 Deine
1544 1303 2068 1363 Karten
2179 1310 2411 1370 von
2484 1310 3276 1370 unterwegt

568 1524 1054 1584 ſowie
1182 1525 1706 1585 Deinen
1835 1530 2233 1590 lieben
2334 1527 2641 1587 Brief
2745 1517 2988 1577 aus

526 1765 1159 1825 Luzern
1224 1764 1435 1824 habe
1501 1757 1630 1817 ich
1729 1746 2330 1806 erhalten.

1062 2044 1336 2104 Ich
1428 2039 1858 2099 freue
1974 2024 2339 2084 mich,
2406 2016 2535 2076 zu
2679 2020 3304 2080 erfahren,

500 2240 833 2300 daß
943 2240 1080 2300 der
1202 2244 1733 2304 Sommer
1931 2252 2006 2312 ſo
2092 2262 2820 2322 angenehm
2931 2276 3141 2336 für

513 2459 852 2519 Dich
980 2483 1618 2543 verlaufen
1717 2492 1957 2552 iſt.
2030 2492 2639 2552 Hoffentlich
2752 2488 3149 2548 bleibt

580 2695 880 2755 von
958 2718 1179 2778 dem
1280 2726 1669 2786 guten
1835 2714 2414 2774 Reſultat
2526 2697 2971 2757 etwas
3103 2694 3282 2754 für

461 2899 766 2959 den
910 2926 1428 2986 Winter
1653 2916 2225 2976 zurück.
2291 2900 2582 2960 SIch
2701 2894 3073 2954 kann

490 3113 828 3173 Dich
938 3128 1459 3188 immer
1665 3130 1883 3190 mir
2053 3125 2513 3185 wieder
2623 3126 3108 3186 darauf

520 3350 1366 3410 hinweiſen:
1509 3354 1887 3414 Wenn
2019 3359 2438 3419 Alles,
2539 3362 2877 3422 was
2999 3364 3244 3424 Dich

467 3587 997 3647 qualt,
1076 3590 1248 3650 ſich
1325 3592 1543 3652 auf
1685 3587 2139 3647 Reiſen
2309 3577 2403 3637 ſo
2513 3566 2888 3626 ganz

474 3805 1261 3865 verliert,
1356 3799 1690 3859 kann
1773 3789 1880 3849 es
2024 3778 2273 3838 doch
2393 3764 3239 3824 unmöglich

422 4035 1208 4095 materielle
1329 4028 1789 4088 Geſtalt
1939 4018 2386 4078 haben.
2413 4023 2603 4083 Im
2697 4050 3212 4110 Übrigen

463 4313 880 4373 hoffe
971 4305 1088 4365 ich
1220 4301 1440 4361 daß
1572 4294 1728 4354 die
1844 4291 2184 4351 viele
2367 4292 2836 4352 Arbeit
2980 4299 3162 4359 die

521 4536 766 4596 Du
927 4544 1457 4604 vorhaſt,
1519 4532 1716 4592 ein
1827 4517 2171 4577 gutes
2332 4508 3121 4568 Heilmittel

542 4754 1049 4814 gegen
1125 4756 1290 4816 die
1429 4756 2394 4816 Hypochondrie
2572 4743 2964 4803 ſein

610 4997 1121 5057 wird.
1225 5000 1606 5060 Schon
1649 4998 1942 5058 aus
2090 4995 2367 5055 dem
2485 4987 3115 5047 Grunde
