3757 5474
459 742 1177 802 ſelbſt,
1235 740 1426 800 als
1559 742 1822 802 auf
1939 745 2335 805 das,
2468 753 2863 813 was
2995 762 3230 822 das

453 962 1400 1022 Publicum
1497 936 1868 996 dazu
2046 930 2514 990 ſagt.
2623 947 2858 1007 Die
2940 978 3269 1038 Idee

521 1170 798 1230 iſt
903 1185 1800 1245 vortrefflich,
1907 1188 2158 1248 und
2316 1186 2435 1246 ich
2527 1183 2883 1243 ſtelle
3042 1177 3293 1237 mir

505 1401 823 1461 ein
947 1414 1193 1474 ſehr
1303 1418 1449 1478 zu
1610 1411 2174 1471 Herzen
2359 1387 3071 1447 gehendes

477 1633 1093 1693 Drama
1270 1649 1768 1709 vor..

970 1920 1257 1980 Ich
1341 1918 1594 1978 bin
1712 1910 2018 1970 nun
2152 1906 2489 1966 ſchon
2625 1913 2946 1973 haſt

518 2115 930 2175 drei
1068 2134 1617 2194 Wochen
1717 2128 1855 2188 in
2030 2118 2791 2178 Séking,
2830 2123 3117 2183 dem

516 2352 1804 2412 grauenhafteſten
1938 2356 2898 2416 Schmutzueſt
2984 2346 3190 2406 der

506 2606 1132 2666 Welt,
1260 2608 1504 2668 habe
1608 2606 1876 2666 aber
2015 2597 2631 2657 manches
2783 2571 3328 2631 Inter-¬

502 2833 1132 2893 eſſante
1326 2842 2230 2902 miterlebt,
2276 2826 2516 2886 bin
2630 2814 2962 2874 auch

533 3056 1177 3116 einmal
1328 3059 1957 3119 beinahe
2094 3050 2394 3110 dem
2513 3071 3383 3131 hineſiſchen

445 3303 1058 3363 Pobel
1275 3293 1422 3353 in
1524 3291 1729 3351 die
1874 3292 2311 3352 Hände
2429 3311 3187 3371 gerathen

471 3561 904 3621 was
1055 3576 1323 3636 ſehr
1540 3564 2042 3624 ſchlecht
2158 3550 2527 3610 hätte
2627 3561 3363 3621 ablaufen

395 3791 1276 3851 können.
1383 3770 1677 3830 Aber
1769 3766 2062 3826 auch
2187 3767 2371 3827 die
2479 3785 2928 3845 Gefahr
3005 3827 3328 3887 hat,

483 4017 878 4077 ihren
1016 4008 1331 4068 Reiz
1453 4010 1480 4070 –
1645 4016 2685 4076 beſonderso

479 4248 1302 4308 nachher.
1380 4260 1935 4320 Zugleich
2014 4256 2172 4316 iſt
2284 4251 2537 4311 ſie
2662 4243 2995 4303 eine

531 4497 904 4557 gute
1051 4484 1797 4544 Lection.
1968 4466 2352 4526 Man
2476 4451 3088 4511 lernt,

535 4709 958 4769 ruhig
1077 4693 1348 4753 und
1470 4693 2511 4753 entſchloſſen
2662 4704 2918 4764 ſich

586 4970 834 5030 zu
966 4957 1800 5017 benehmen.
2005 4940 2591 5000 Morgen
2709 4955 3059 5015 fahre
