3968 5846
1994 820 2551 880 Paris,
2605 820 2791 880 28.
2868 826 3261 886 Tebruar

869 1470 1339 1530 Mein
1433 1480 1819 1540 lieber
1982 1492 2692 1552 Freund,

719 1894 1049 1954 dieſe
1116 1917 1875 1977 fürchterlichen
1975 1922 2239 1982 drei
2393 1918 2944 1978 Wochen
3043 1918 3450 1978 tola¬

619 2140 1116 2200 Prozeß
1257 2140 1505 2200 ſind
1603 2137 2068 2197 voüber
2252 2131 2392 2191 Ich
2468 2126 3031 2186 komme

579 2326 1040 2386 endlich
1110 2333 1572 2393 wieder
1711 2343 2269 2403 einmal
2460 2346 2583 2406 zu
2756 2340 3070 2400 vir

535 2548 794 2608 und
965 2542 983 2602 –
1090 2542 1233 2602 zu
1386 2545 1725 2605 Dir.

889 2775 1207 2835 Sehr
1373 2784 1801 2844 gefreut
1956 2778 2110 2838 hat
2286 2772 2373 2832 es
2484 2768 2836 2828 mich,
2891 2767 3078 2827 daß
3254 2776 3386 2836 Du

588 2974 920 3034 und
1033 2968 1605 3028 Richard
1750 2969 1896 3029 in
2062 2975 2633 3035 Salzburg
2830 2991 3401 3051 meiner

623 3203 1163 3263 gedacht
1249 3192 1605 3252 habt.
1789 3192 1899 3252 Ich
1974 3194 2330 3254 danke
2466 3200 2712 3260 Euch
2834 3204 3092 3264 für

662 3414 979 3474 Eure
1061 3418 1288 3478 liebe
1442 3408 1842 3468 Karte.

1091 3622 1477 3682 Dem
1560 3626 1836 3686 lieber
1975 3629 2268 3689 Brief
2406 3630 2701 3690 war
2803 3626 3052 3686 auch

597 3880 945 3940 ſehr
1038 3866 1376 3926 ſchön.
1530 3860 1766 3920 aber
1951 3857 2063 3917 er
2248 3853 2598 3913 ſollte
2813 3844 3069 3904 doch

683 4052 1116 4112 etwas
1355 4078 1900 4138 heiterer
2026 4079 2425 4139 ſein.
2583 4070 2947 4130 Lieber
3062 4055 3470 4115 Sohn,

516 4272 1211 4332 verbittere
1361 4268 1542 4328 ich
1671 4269 1852 4329 Dir
1981 4270 2205 4330 doch
2334 4274 2623 4334 nicht
2761 4279 2837 4339 ſo

562 4502 1082 4562 Deines
1289 4496 1788 4556 Lebens
1965 4498 2516 4558 ſchönſte
2714 4500 3182 4560 Zeit.

628 4701 1011 4761 Laß’
1056 4706 1134 4766 es
1226 4709 1372 4769 in
1517 4718 2025 4778 Deinem
2138 4725 2375 4785 Ohre
2511 4735 3266 4795 klingen,

595 4941 1072 5001 wenn
1147 4938 1221 4998 es
1338 4936 1635 4996 nun
1753 4939 2071 4999 ſchon
2177 4944 2773 5004 durchaus
2985 4947 3337 5007 nicht

593 5173 1118 5233 anders
1240 5180 1662 5240 will.
1794 5179 2046 5239 Aber
2150 5177 2272 5237 iſt
2319 5172 2675 5232 denn
2835 5163 3069 5223 das
