3789 2617
516 445 1263 505 Angapore,
1369 454 1592 514 27.
1724 438 2210 498 Aprie.

416 771 724 831 hier
839 762 1215 822 brent
1432 757 1604 817 die
1798 755 2678 815 Tropenſome

354 1009 1301 1069 erbarmungstoſe
1353 1006 1598 1066 o,
1624 1001 1768 1061 als
1833 998 1923 1058 je
2117 990 2299 1050 und
2519 981 2637 1041 ich
2766 974 2973 1034 bin
3091 966 3311 1026 haſt

349 1230 990 1290 verrückt
1111 1223 1328 1283 vor
1467 1204 1857 1264 Hitze.
1986 1253 2394 1313 Aſeen
2475 1223 2603 1283 iſt
2719 1195 2963 1255 eine

389 1486 1014 1546 ſeltſaeme
1103 1475 1486 1535 Welt,
1574 1466 1842 1526 aber
2059 1453 2290 1513 wie
2366 1440 2633 1500 ſchön
2684 1428 2799 1488 iſt
2927 1414 3029 1474 es
3130 1397 3271 1457 zu

434 1736 987 1796 Häte,
1059 1712 1131 1772 un
1259 1699 1594 1759 einm
1766 1684 2265 1744 geünen
2410 1653 3099 1713 Wiener-

412 1960 888 2020 Wald.
969 1932 1307 1992 Thale.
1430 1906 1688 1966 Vel
1742 1887 1986 1947 alle
2081 1866 2475 1926 Palmen
2583 1852 2760 1912 von
2841 1849 3383 1909 Porgeſord

443 2164 702 2224 gäbe
810 2156 906 2216 ich
983 2147 1187 2207 un
1264 2131 1555 2191 eines
1706 2101 2235 2161 einzigen
2321 2080 2624 2140 lieben
2753 2073 3358 2133 Merſchen

1753 2266 2076 2326 viele
2149 2255 2417 2315 treue
2464 2243 2750 2303 Grüße
2833 2229 2962 2289 Dir
3055 2217 3193 2277 X.
3221 2204 3573 2264 Ralord
586 2318 848 2378 von
983 2311 1430 2371 dohein

2919 2307 3049 2367 gri
3149 2306 3226 2366 9.
3280 2301 3295 2361 8
